<?xml version="1.0" encoding="UTF-8"?>
<!DOCTYPE html PUBLIC "-//W3C//DTD XHTML 1.0 Transitional//EN"
    "http://www.w3.org/TR/xhtml1/DTD/xhtml1-transitional.dtd">
<html xmlns="http://www.w3.org/1999/xhtml" xml:lang="en" lang="en">
 <head>
  <title>
</title>
<meta http-equiv="Content-Type" content="text/html;charset=utf-8" />
  <meta name='ocr-system' content='tesseract 3.04.00' />
  <meta name='ocr-capabilities' content='ocr_page ocr_carea ocr_par ocr_line ocrx_word'/>
</head>
<body>
  <div class='ocr_page' id='page_1' title='image "./p5rerumitalicaru06murauoft_0024.png"; bbox 0 0 2280 3476; ppageno 0'>
   <div class='ocr_carea' id='block_1_1' title="bbox 211 469 264 483">
    <p class='ocr_par' dir='ltr' id='par_1_1' title="bbox 211 469 264 483">
     <span class='ocr_line' id='line_1_1' title="bbox 211 469 264 483; baseline -0.019 0"><span class='ocrx_word' id='word_1_1' title='bbox 211 469 264 483; x_wconf 74' lang='grc' dir='ltr'>,ΙΥ</span> 
     </span>
    </p>
   </div>
   <div class='ocr_carea' id='block_1_2' title="bbox 208 895 262 913">
    <p class='ocr_par' dir='ltr' id='par_1_2' title="bbox 208 895 262 913">
     <span class='ocr_line' id='line_1_2' title="bbox 208 895 262 913; baseline 0 -4"><span class='ocrx_word' id='word_1_2' title='bbox 208 895 262 913; x_wconf 71' lang='lat' dir='ltr'>,nr</span> 
     </span>
    </p>
   </div>
   <div class='ocr_carea' id='block_1_3' title="bbox 208 1267 228 1283">
    <p class='ocr_par' dir='ltr' id='par_1_3' title="bbox 208 1267 228 1283">
     <span class='ocr_line' id='line_1_3' title="bbox 208 1267 228 1283; baseline 0.1 -2"><span class='ocrx_word' id='word_1_3' title='bbox 208 1267 228 1283; x_wconf 71' lang='lat' dir='ltr'>c.</span> 
     </span>
    </p>
   </div>
   <div class='ocr_carea' id='block_1_4' title="bbox 242 1266 276 1281">
    <p class='ocr_par' dir='ltr' id='par_1_4' title="bbox 242 1266 276 1281">
     <span class='ocr_line' id='line_1_4' title="bbox 242 1266 276 1281; baseline -0.029 0"><span class='ocrx_word' id='word_1_4' title='bbox 242 1266 276 1281; x_wconf 76' lang='lat' dir='ltr'>2v</span> 
     </span>
    </p>
   </div>
   <div class='ocr_carea' id='block_1_5' title="bbox 302 1813 334 1831">
    <p class='ocr_par' dir='ltr' id='par_1_5' title="bbox 302 1813 334 1831">
     <span class='ocr_line' id='line_1_5' title="bbox 302 1813 334 1831; baseline 0 0"><span class='ocrx_word' id='word_1_5' title='bbox 302 1813 334 1831; x_wconf 89' lang='lat'>10</span> 
     </span>
    </p>
   </div>
   <div class='ocr_carea' id='block_1_6' title="bbox 303 2020 331 2045">
    <p class='ocr_par' dir='ltr' id='par_1_6' title="bbox 303 2020 331 2045">
     <span class='ocr_line' id='line_1_6' title="bbox 303 2020 331 2045; baseline 0 0"><span class='ocrx_word' id='word_1_6' title='bbox 303 2020 331 2045; x_wconf 85' lang='lat'>¹5</span> 
     </span>
    </p>
   </div>
   <div class='ocr_carea' id='block_1_7' title="bbox 300 2232 334 2249">
    <p class='ocr_par' dir='ltr' id='par_1_7' title="bbox 300 2232 334 2249">
     <span class='ocr_line' id='line_1_7' title="bbox 300 2232 334 2249; baseline 0 0"><span class='ocrx_word' id='word_1_7' title='bbox 300 2232 334 2249; x_wconf 83' lang='lat'>20</span> 
     </span>
    </p>
   </div>
   <div class='ocr_carea' id='block_1_8' title="bbox 300 2438 332 2464">
    <p class='ocr_par' dir='ltr' id='par_1_8' title="bbox 300 2438 332 2464">
     <span class='ocr_line' id='line_1_8' title="bbox 300 2438 332 2464; baseline 0 0"><span class='ocrx_word' id='word_1_8' title='bbox 300 2438 332 2464; x_wconf 78' lang='lat'>25</span> 
     </span>
    </p>
   </div>
   <div class='ocr_carea' id='block_1_9' title="bbox 301 2858 332 2883">
    <p class='ocr_par' dir='ltr' id='par_1_9' title="bbox 301 2858 332 2883">
     <span class='ocr_line' id='line_1_9' title="bbox 301 2858 332 2883; baseline 0 0"><span class='ocrx_word' id='word_1_9' title='bbox 301 2858 332 2883; x_wconf 85' lang='lat'>35</span> 
     </span>
    </p>
   </div>
   <div class='ocr_carea' id='block_1_10' title="bbox 368 164 1948 204">
    <p class='ocr_par' dir='ltr' id='par_1_10' title="bbox 368 164 1948 204">
     <span class='ocr_line' id='line_1_10' title="bbox 368 164 1948 204; baseline 0 -4"><span class='ocrx_word' id='word_1_10' title='bbox 368 167 387 200; x_wconf 88' lang='grc'><strong>4</strong></span> <span class='ocrx_word' id='word_1_11' title='bbox 599 164 762 201; x_wconf 90' lang='lat' dir='ltr'>VITAE</span> <span class='ocrx_word' id='word_1_12' title='bbox 790 164 1051 204; x_wconf 89' lang='lat' dir='ltr'><strong>QUATUOR</strong></span> <span class='ocrx_word' id='word_1_13' title='bbox 1079 164 1319 200; x_wconf 91' lang='lat' dir='ltr'>PRIORUM</span> <span class='ocrx_word' id='word_1_14' title='bbox 1347 164 1610 200; x_wconf 91' lang='lat' dir='ltr'><strong>ABBATUM</strong></span> <span class='ocrx_word' id='word_1_15' title='bbox 1639 164 1948 200; x_wconf 88' lang='lat' dir='ltr'>CAVENSIUM</span> 
     </span>
    </p>
   </div>
   <div class='ocr_carea' id='block_1_11' title="bbox 449 239 567 245">
    <p class='ocr_par' dir='ltr' id='par_1_11' title="bbox 449 239 567 245">
     <span class='ocr_line' id='line_1_11' title="bbox 449 239 567 245; baseline 0 0"><span class='ocrx_word' id='word_1_16' title='bbox 449 239 567 245; x_wconf 95' lang='lat' dir='ltr'> </span> 
     </span>
    </p>
   </div>
   <div class='ocr_carea' id='block_1_12' title="bbox 1393 240 1548 244">
    <p class='ocr_par' dir='ltr' id='par_1_12' title="bbox 1393 240 1548 244">
     <span class='ocr_line' id='line_1_12' title="bbox 1393 240 1548 244; baseline 0 0"><span class='ocrx_word' id='word_1_17' title='bbox 1393 240 1548 244; x_wconf 95' lang='lat' dir='ltr'> </span> 
     </span>
    </p>
   </div>
   <div class='ocr_carea' id='block_1_13' title="bbox 1549 239 1716 244">
    <p class='ocr_par' dir='ltr' id='par_1_13' title="bbox 1549 239 1716 244">
     <span class='ocr_line' id='line_1_13' title="bbox 1549 239 1716 244; baseline 0 0"><span class='ocrx_word' id='word_1_18' title='bbox 1549 239 1716 244; x_wconf 95' lang='lat' dir='ltr'> </span> 
     </span>
    </p>
   </div>
   <div class='ocr_carea' id='block_1_14' title="bbox 360 292 2186 1292">
    <p class='ocr_par' dir='ltr' id='par_1_14' title="bbox 360 292 2186 1292">
     <span class='ocr_line' id='line_1_14' title="bbox 361 292 2182 337; baseline -0.002 -10"><span class='ocrx_word' id='word_1_19' title='bbox 361 295 435 327; x_wconf 90' lang='lat' dir='ltr'>simi</span> <span class='ocrx_word' id='word_1_20' title='bbox 451 296 585 333; x_wconf 75' lang='lat' dir='ltr'>fratres,</span> <span class='ocrx_word' id='word_1_21' title='bbox 600 294 797 336; x_wconf 83' lang='lat' dir='ltr'>specialiter</span> <span class='ocrx_word' id='word_1_22' title='bbox 813 294 987 331; x_wconf 88' lang='lat' dir='ltr'>convenit,</span> <span class='ocrx_word' id='word_1_23' title='bbox 1003 304 1088 336; x_wconf 91' lang='lat' dir='ltr'>quos</span> <span class='ocrx_word' id='word_1_24' title='bbox 1102 294 1261 336; x_wconf 88' lang='lat' dir='ltr'>imposito</span> <span class='ocrx_word' id='word_1_25' title='bbox 1277 294 1335 336; x_wconf 89' lang='lat' dir='ltr'>pio</span> <span class='ocrx_word' id='word_1_26' title='bbox 1351 293 1528 337; x_wconf 87' lang='lat' dir='ltr'>religionis</span> <span class='ocrx_word' id='word_1_27' title='bbox 1546 304 1649 326; x_wconf 89' lang='lat' dir='ltr'>onere</span> <span class='ocrx_word' id='word_1_28' title='bbox 1665 292 1710 326; x_wconf 88' lang='lat' dir='ltr'>ad</span> <span class='ocrx_word' id='word_1_29' title='bbox 1726 293 1855 326; x_wconf 88' lang='lat' dir='ltr'>ordinis</span> <span class='ocrx_word' id='word_1_30' title='bbox 1869 294 1878 312; x_wconf 85' lang='lat'>¹</span> <span class='ocrx_word' id='word_1_31' title='bbox 1895 304 2013 326; x_wconf 90' lang='lat' dir='ltr'>eorum</span> <span class='ocrx_word' id='word_1_32' title='bbox 2030 304 2182 326; x_wconf 89' lang='lat' dir='ltr'>normam</span> 
     </span>
     <span class='ocr_line' id='line_1_15' title="bbox 361 346 2182 391; baseline -0.001 -13"><span class='ocrx_word' id='word_1_33' title='bbox 361 348 555 391; x_wconf 80' lang='lat' dir='ltr'>redegimus</span> <span class='ocrx_word' id='word_1_34' title='bbox 567 346 590 378; x_wconf 80' lang='lat'>².</span> <span class='ocrx_word' id='word_1_35' title='bbox 635 346 748 379; x_wconf 91' lang='lat' dir='ltr'>Valde</span> <span class='ocrx_word' id='word_1_36' title='bbox 773 347 862 379; x_wconf 88' lang='lat' dir='ltr'>enim</span> <span class='ocrx_word' id='word_1_37' title='bbox 885 346 1041 379; x_wconf 90' lang='lat' dir='ltr'>devotius</span> <span class='ocrx_word' id='word_1_38' title='bbox 1063 352 1140 389; x_wconf 90' lang='lat' dir='ltr'>post</span> <span class='ocrx_word' id='word_1_39' title='bbox 1162 346 1297 379; x_wconf 89' lang='lat' dir='ltr'>illorum</span> <span class='ocrx_word' id='word_1_40' title='bbox 1321 347 1466 390; x_wconf 89' lang='lat' dir='ltr'>vestigia</span> <span class='ocrx_word' id='word_1_41' title='bbox 1489 348 1637 386; x_wconf 88' lang='lat' dir='ltr'>curritis,</span> <span class='ocrx_word' id='word_1_42' title='bbox 1661 347 1690 380; x_wconf 90' lang='lat' dir='ltr'>si</span> <span class='ocrx_word' id='word_1_43' title='bbox 1715 353 1833 389; x_wconf 89' lang='lat' dir='ltr'>aperte</span> <span class='ocrx_word' id='word_1_44' title='bbox 1858 347 2007 385; x_wconf 86' lang='lat' dir='ltr'>cernitis,</span> <span class='ocrx_word' id='word_1_45' title='bbox 2024 347 2104 389; x_wconf 91' lang='lat' dir='ltr'>quia</span> <span class='ocrx_word' id='word_1_46' title='bbox 2125 347 2182 388; x_wconf 93' lang='lat' dir='ltr'>qui</span> 
     </span>
     <span class='ocr_line' id='line_1_16' title="bbox 363 400 2181 443; baseline -0.001 -11"><span class='ocrx_word' id='word_1_47' title='bbox 363 411 422 433; x_wconf 86' lang='lat' dir='ltr'>vos</span> <span class='ocrx_word' id='word_1_48' title='bbox 444 400 632 433; x_wconf 89' lang='lat' dir='ltr'>laborando</span> <span class='ocrx_word' id='word_1_49' title='bbox 655 407 904 442; x_wconf 81' lang='lat' dir='ltr'>precesserant,</span> <span class='ocrx_word' id='word_1_50' title='bbox 928 401 972 433; x_wconf 94' lang='lat' dir='ltr'>de</span> <span class='ocrx_word' id='word_1_51' title='bbox 989 400 1107 432; x_wconf 88' lang='lat' dir='ltr'>labore</span> <span class='ocrx_word' id='word_1_52' title='bbox 1129 411 1189 433; x_wconf 91' lang='lat' dir='ltr'>suo</span> <span class='ocrx_word' id='word_1_53' title='bbox 1212 401 1280 432; x_wconf 89' lang='lat' dir='ltr'>iarn</span> <span class='ocrx_word' id='word_1_54' title='bbox 1304 400 1349 432; x_wconf 92' lang='lat' dir='ltr'>ad</span> <span class='ocrx_word' id='word_1_55' title='bbox 1373 406 1491 434; x_wconf 88' lang='lat' dir='ltr'>eterna</span> <span class='ocrx_word' id='word_1_56' title='bbox 1506 401 1633 443; x_wconf 86' lang='lat' dir='ltr'>gaudia</span> <span class='ocrx_word' id='word_1_57' title='bbox 1649 406 1879 442; x_wconf 87' lang='lat' dir='ltr'>pervenerunt</span> <span class='ocrx_word' id='word_1_58' title='bbox 1890 400 1912 432; x_wconf 79' lang='lat'>³.</span> <span class='ocrx_word' id='word_1_59' title='bbox 1959 400 2018 432; x_wconf 92' lang='lat' dir='ltr'>Me</span> <span class='ocrx_word' id='word_1_60' title='bbox 2035 410 2181 442; x_wconf 91' lang='lat' dir='ltr'>quoque,</span> 
     </span>
     <span class='ocr_line' id='line_1_17' title="bbox 362 452 2183 496; baseline -0.001 -11"><span class='ocrx_word' id='word_1_61' title='bbox 362 453 441 496; x_wconf 87' lang='lat' dir='ltr'>quia</span> <span class='ocrx_word' id='word_1_62' title='bbox 463 453 530 486; x_wconf 90' lang='lat' dir='ltr'>hoc</span> <span class='ocrx_word' id='word_1_63' title='bbox 552 453 675 485; x_wconf 88' lang='lat' dir='ltr'>deceat</span> <span class='ocrx_word' id='word_1_64' title='bbox 697 453 782 485; x_wconf 87' lang='lat' dir='ltr'>nulli</span> <span class='ocrx_word' id='word_1_65' title='bbox 804 456 966 486; x_wconf 86' lang='lat' dir='ltr'>vestrum&#39;</span> <span class='ocrx_word' id='word_1_66' title='bbox 991 453 1131 486; x_wconf 89' lang='lat' dir='ltr'>dubium</span> <span class='ocrx_word' id='word_1_67' title='bbox 1155 460 1215 491; x_wconf 86' lang='lat' dir='ltr'>est,</span> <span class='ocrx_word' id='word_1_68' title='bbox 1238 459 1274 485; x_wconf 89' lang='lat' dir='ltr'>ut</span> <span class='ocrx_word' id='word_1_69' title='bbox 1304 454 1362 496; x_wconf 91' lang='lat' dir='ltr'>qui</span> <span class='ocrx_word' id='word_1_70' title='bbox 1387 455 1430 486; x_wconf 95' lang='lat' dir='ltr'>de</span> <span class='ocrx_word' id='word_1_71' title='bbox 1461 454 1609 486; x_wconf 89' lang='lat' dir='ltr'>claustro</span> <span class='ocrx_word' id='word_1_72' title='bbox 1632 453 1691 486; x_wconf 91' lang='lat' dir='ltr'>illo</span> <span class='ocrx_word' id='word_1_73' title='bbox 1722 453 1815 485; x_wconf 88' lang='lat' dir='ltr'>velut</span> <span class='ocrx_word' id='word_1_74' title='bbox 1836 459 1928 485; x_wconf 89' lang='lat' dir='ltr'>terra</span> <span class='ocrx_word' id='word_1_75' title='bbox 1950 452 2183 495; x_wconf 83' lang='lat' dir='ltr'>promissionis</span> 
     </span>
     <span class='ocr_line' id='line_1_18' title="bbox 364 505 2184 550; baseline -0.001 -12"><span class='ocrx_word' id='word_1_76' title='bbox 364 516 512 549; x_wconf 89' lang='lat' dir='ltr'>egresso,</span> <span class='ocrx_word' id='word_1_77' title='bbox 535 506 569 538; x_wconf 90' lang='lat' dir='ltr'>in</span> <span class='ocrx_word' id='word_1_78' title='bbox 592 506 778 550; x_wconf 87' lang='lat' dir='ltr'>longinqua</span> <span class='ocrx_word' id='word_1_79' title='bbox 800 507 941 550; x_wconf 89' lang='lat' dir='ltr'>regione</span> <span class='ocrx_word' id='word_1_80' title='bbox 956 507 1150 549; x_wconf 88' lang='lat' dir='ltr'>pascendos</span> <span class='ocrx_word' id='word_1_81' title='bbox 1167 513 1266 550; x_wconf 92' lang='lat' dir='ltr'>atque</span> <span class='ocrx_word' id='word_1_82' title='bbox 1282 507 1559 549; x_wconf 90' lang='lat' dir='ltr'>multiplicandos</span> <span class='ocrx_word' id='word_1_83' title='bbox 1574 507 1711 548; x_wconf 78' lang='lat' dir='ltr'>suscepi</span> <span class='ocrx_word' id='word_1_84' title='bbox 1727 516 1862 549; x_wconf 84' lang='lat' dir='ltr'>greges,</span> <span class='ocrx_word' id='word_1_85' title='bbox 1881 506 1996 549; x_wconf 89' lang='lat' dir='ltr'>virgas</span> <span class='ocrx_word' id='word_1_86' title='bbox 2012 505 2184 546; x_wconf 85' lang='lat' dir='ltr'>exemplo-</span> 
     </span>
     <span class='ocr_line' id='line_1_19' title="bbox 362 558 2184 603; baseline -0.001 -12"><span class='ocrx_word' id='word_1_87' title='bbox 362 571 435 592; x_wconf 90' lang='lat' dir='ltr'>rum</span> <span class='ocrx_word' id='word_1_88' title='bbox 458 560 552 593; x_wconf 84' lang='lat' dir='ltr'>vario</span> <span class='ocrx_word' id='word_1_89' title='bbox 575 560 705 592; x_wconf 90' lang='lat' dir='ltr'>cortice</span> <span class='ocrx_word' id='word_1_90' title='bbox 728 560 945 592; x_wconf 86' lang='lat' dir='ltr'>instituendis</span> <span class='ocrx_word' id='word_1_91' title='bbox 967 570 1157 602; x_wconf 89' lang='lat' dir='ltr'>proponam</span> <span class='ocrx_word' id='word_1_92' title='bbox 1169 560 1190 597; x_wconf 86' lang='lat'>⁴,</span> <span class='ocrx_word' id='word_1_93' title='bbox 1215 560 1374 603; x_wconf 86' lang='lat' dir='ltr'>quatinus</span> <span class='ocrx_word' id='word_1_94' title='bbox 1397 560 1455 598; x_wconf 90' lang='lat' dir='ltr'>hii,</span> <span class='ocrx_word' id='word_1_95' title='bbox 1479 560 1536 603; x_wconf 91' lang='lat' dir='ltr'>qui</span> <span class='ocrx_word' id='word_1_96' title='bbox 1560 569 1605 592; x_wconf 88' lang='lat' dir='ltr'>ex</span> <span class='ocrx_word' id='word_1_97' title='bbox 1635 559 1733 592; x_wconf 91' lang='lat' dir='ltr'>vobis</span> <span class='ocrx_word' id='word_1_98' title='bbox 1763 569 1827 601; x_wconf 91' lang='lat' dir='ltr'>per</span> <span class='ocrx_word' id='word_1_99' title='bbox 1858 558 2010 591; x_wconf 87' lang='lat' dir='ltr'>divinam</span> <span class='ocrx_word' id='word_1_100' title='bbox 2041 558 2184 601; x_wconf 86' lang='lat' dir='ltr'>gratiam</span> 
     </span>
     <span class='ocr_line' id='line_1_20' title="bbox 361 611 2184 655; baseline -0.002 -10"><span class='ocrx_word' id='word_1_101' title='bbox 361 613 592 646; x_wconf 76' lang='lat' dir='ltr'>fecundantur</span> <span class='ocrx_word' id='word_1_102' title='bbox 613 614 649 645; x_wconf 90' lang='lat' dir='ltr'>in</span> <span class='ocrx_word' id='word_1_103' title='bbox 674 613 842 655; x_wconf 85' lang='lat' dir='ltr'>spirituali</span> <span class='ocrx_word' id='word_1_104' title='bbox 863 612 994 651; x_wconf 91' lang='lat' dir='ltr'>sobole,</span> <span class='ocrx_word' id='word_1_105' title='bbox 1017 623 1084 645; x_wconf 91' lang='lat' dir='ltr'>non</span> <span class='ocrx_word' id='word_1_106' title='bbox 1107 612 1216 645; x_wconf 88' lang='lat' dir='ltr'>solum</span> <span class='ocrx_word' id='word_1_107' title='bbox 1248 619 1415 655; x_wconf 90' lang='lat' dir='ltr'>perpetua</span> <span class='ocrx_word' id='word_1_108' title='bbox 1446 614 1560 645; x_wconf 88' lang='lat' dir='ltr'>carnis</span> <span class='ocrx_word' id='word_1_109' title='bbox 1584 613 1843 655; x_wconf 88' lang='lat' dir='ltr'>incorruptione</span> <span class='ocrx_word' id='word_1_110' title='bbox 1874 612 1940 644; x_wconf 87' lang='lat' dir='ltr'>sint</span> <span class='ocrx_word' id='word_1_111' title='bbox 1961 612 2100 649; x_wconf 88' lang='lat' dir='ltr'>virides,</span> <span class='ocrx_word' id='word_1_112' title='bbox 2124 611 2184 642; x_wconf 90' lang='lat' dir='ltr'>sed</span> 
     </span>
     <span class='ocr_line' id='line_1_21' title="bbox 363 664 2183 710; baseline -0.002 -11"><span class='ocrx_word' id='word_1_113' title='bbox 363 666 557 699; x_wconf 89' lang='lat' dir='ltr'>omnimoda</span> <span class='ocrx_word' id='word_1_114' title='bbox 581 667 742 699; x_wconf 85' lang='lat' dir='ltr'>virtutum</span> <span class='ocrx_word' id='word_1_115' title='bbox 764 667 931 698; x_wconf 86' lang='lat' dir='ltr'>varietate</span> <span class='ocrx_word' id='word_1_116' title='bbox 953 666 1135 710; x_wconf 68' lang='lat' dir='ltr'>fulgentes.</span> <span class='ocrx_word' id='word_1_117' title='bbox 1182 666 1252 699; x_wconf 91' lang='lat' dir='ltr'>Sed</span> <span class='ocrx_word' id='word_1_118' title='bbox 1274 667 1354 709; x_wconf 88' lang='lat' dir='ltr'>quia</span> <span class='ocrx_word' id='word_1_119' title='bbox 1377 667 1412 698; x_wconf 89' lang='lat' dir='ltr'>in</span> <span class='ocrx_word' id='word_1_120' title='bbox 1435 666 1684 702; x_wconf 75' lang='lat' dir='ltr'>universalibus</span> <span class='ocrx_word' id='word_1_121' title='bbox 1708 665 1845 708; x_wconf 90' lang='lat' dir='ltr'>scriptis</span> <span class='ocrx_word' id='word_1_122' title='bbox 1860 665 1987 697; x_wconf 89' lang='lat' dir='ltr'>nostris</span> <span class='ocrx_word' id='word_1_123' title='bbox 2002 664 2183 697; x_wconf 82' lang='lat' dir='ltr'>verborum</span> 
     </span>
     <span class='ocr_line' id='line_1_22' title="bbox 362 718 2186 762; baseline -0.001 -11"><span class='ocrx_word' id='word_1_124' title='bbox 362 718 563 762; x_wconf 86' lang='lat' dir='ltr'>quibusdam</span> <span class='ocrx_word' id='word_1_125' title='bbox 586 719 771 752; x_wconf 86' lang='lat' dir='ltr'>obstaculis</span> <span class='ocrx_word' id='word_1_126' title='bbox 794 719 982 751; x_wconf 88' lang='lat' dir='ltr'>emulorum</span> <span class='ocrx_word' id='word_1_127' title='bbox 1010 729 1169 752; x_wconf 83' lang='lat' dir='ltr'>accessus</span> <span class='ocrx_word' id='word_1_128' title='bbox 1194 719 1369 752; x_wconf 87' lang='lat' dir='ltr'>obstruere</span> <span class='ocrx_word' id='word_1_129' title='bbox 1393 719 1551 756; x_wconf 88' lang='lat' dir='ltr'>solemus,</span> <span class='ocrx_word' id='word_1_130' title='bbox 1583 719 1739 762; x_wconf 86' lang='lat' dir='ltr'>opusculi</span> <span class='ocrx_word' id='word_1_131' title='bbox 1769 718 1870 750; x_wconf 89' lang='lat' dir='ltr'>huius</span> <span class='ocrx_word' id='word_1_132' title='bbox 1900 724 2054 750; x_wconf 86' lang='lat' dir='ltr'>tenerum</span> <span class='ocrx_word' id='word_1_133' title='bbox 2085 718 2186 749; x_wconf 87' lang='lat' dir='ltr'>situm</span> 
     </span>
     <span class='ocr_line' id='line_1_23' title="bbox 363 769 2185 815; baseline -0.002 -11"><span class='ocrx_word' id='word_1_134' title='bbox 363 772 463 804; x_wconf 90' lang='lat' dir='ltr'>nullis</span> <span class='ocrx_word' id='word_1_135' title='bbox 484 773 741 814; x_wconf 86' lang='lat' dir='ltr'>responsionum</span> <span class='ocrx_word' id='word_1_136' title='bbox 765 772 870 814; x_wconf 89' lang='lat' dir='ltr'>spinis</span> <span class='ocrx_word' id='word_1_137' title='bbox 892 772 1103 811; x_wconf 89' lang='lat' dir='ltr'>obducimus,</span> <span class='ocrx_word' id='word_1_138' title='bbox 1127 773 1206 815; x_wconf 90' lang='lat' dir='ltr'>quia</span> <span class='ocrx_word' id='word_1_139' title='bbox 1230 783 1308 804; x_wconf 91' lang='lat' dir='ltr'>cum</span> <span class='ocrx_word' id='word_1_140' title='bbox 1331 772 1526 804; x_wconf 90' lang='lat' dir='ltr'>domesticis</span> <span class='ocrx_word' id='word_1_141' title='bbox 1548 773 1674 804; x_wconf 90' lang='lat' dir='ltr'>nostris</span> <span class='ocrx_word' id='word_1_142' title='bbox 1703 773 1747 804; x_wconf 93' lang='lat' dir='ltr'>de</span> <span class='ocrx_word' id='word_1_143' title='bbox 1771 772 1873 804; x_wconf 88' lang='lat' dir='ltr'>rebus</span> <span class='ocrx_word' id='word_1_144' title='bbox 1895 772 1994 808; x_wconf 87' lang='lat' dir='ltr'>notis,</span> <span class='ocrx_word' id='word_1_145' title='bbox 2024 769 2185 803; x_wconf 78' lang='lat' dir='ltr'>fraternis</span> 
     </span>
     <span class='ocr_line' id='line_1_24' title="bbox 363 823 2185 868; baseline -0.002 -10"><span class='ocrx_word' id='word_1_146' title='bbox 363 825 557 863; x_wconf 74' lang='lat' dir='ltr'>affectibus,</span> <span class='ocrx_word' id='word_1_147' title='bbox 580 825 784 858; x_wconf 76' lang='lat' dir='ltr'>fabulamur.</span> <span class='ocrx_word' id='word_1_148' title='bbox 829 825 888 858; x_wconf 86' lang='lat' dir='ltr'>Ad</span> <span class='ocrx_word' id='word_1_149' title='bbox 912 827 1005 868; x_wconf 92' lang='lat' dir='ltr'>quod</span> <span class='ocrx_word' id='word_1_150' title='bbox 1028 826 1184 858; x_wconf 89' lang='lat' dir='ltr'>nimirum</span> <span class='ocrx_word' id='word_1_151' title='bbox 1207 836 1292 866; x_wconf 90' lang='lat' dir='ltr'>opus</span> <span class='ocrx_word' id='word_1_152' title='bbox 1315 825 1466 867; x_wconf 87' lang='lat' dir='ltr'>priorum</span> <span class='ocrx_word' id='word_1_153' title='bbox 1498 831 1690 857; x_wconf 89' lang='lat' dir='ltr'>nostrorum</span> <span class='ocrx_word' id='word_1_154' title='bbox 1715 835 1783 856; x_wconf 90' lang='lat' dir='ltr'>non</span> <span class='ocrx_word' id='word_1_155' title='bbox 1806 824 1941 857; x_wconf 89' lang='lat' dir='ltr'>modico</span> <span class='ocrx_word' id='word_1_156' title='bbox 1965 823 2088 856; x_wconf 87' lang='lat' dir='ltr'>rubore</span> <span class='ocrx_word' id='word_1_157' title='bbox 2110 833 2185 855; x_wconf 88' lang='lat' dir='ltr'>suc-</span> 
     </span>
     <span class='ocr_line' id='line_1_25' title="bbox 363 875 2183 922; baseline -0.002 -11"><span class='ocrx_word' id='word_1_158' title='bbox 363 878 560 918; x_wconf 89' lang='lat' dir='ltr'>cen&#39;dimur,</span> <span class='ocrx_word' id='word_1_159' title='bbox 584 879 642 922; x_wconf 89' lang='lat' dir='ltr'>qui</span> <span class='ocrx_word' id='word_1_160' title='bbox 666 879 710 912; x_wconf 91' lang='lat' dir='ltr'>de</span> <span class='ocrx_word' id='word_1_161' title='bbox 733 879 802 911; x_wconf 88' lang='lat' dir='ltr'>suis</span> <span class='ocrx_word' id='word_1_162' title='bbox 817 888 922 922; x_wconf 89' lang='lat' dir='ltr'>agere</span> <span class='ocrx_word' id='word_1_163' title='bbox 945 879 1038 922; x_wconf 92' lang='lat' dir='ltr'>quod</span> <span class='ocrx_word' id='word_1_164' title='bbox 1061 878 1117 910; x_wconf 86' lang='lat' dir='ltr'>alii</span> <span class='ocrx_word' id='word_1_165' title='bbox 1133 879 1290 910; x_wconf 84' lang='lat' dir='ltr'>fecerant</span> <span class='ocrx_word' id='word_1_166' title='bbox 1313 878 1505 910; x_wconf 85' lang='lat' dir='ltr'>noluerunt.</span> <span class='ocrx_word' id='word_1_167' title='bbox 1551 878 1676 910; x_wconf 91' lang='lat' dir='ltr'>Victor</span> <span class='ocrx_word' id='word_1_168' title='bbox 1691 887 1837 920; x_wconf 91' lang='lat' dir='ltr'>namque</span> <span class='ocrx_word' id='word_1_169' title='bbox 1855 876 2011 909; x_wconf 87' lang='lat' dir='ltr'>Romane</span> <span class='ocrx_word' id='word_1_170' title='bbox 2035 875 2183 908; x_wconf 89' lang='lat' dir='ltr'>ecclesie</span> 
     </span>
     <span class='ocr_line' id='line_1_26' title="bbox 361 929 2183 974; baseline -0.002 -10"><span class='ocrx_word' id='word_1_171' title='bbox 361 943 507 964; x_wconf 88' lang='lat' dir='ltr'>summus</span> <span class='ocrx_word' id='word_1_172' title='bbox 530 932 698 974; x_wconf 79' lang='lat' dir='ltr'>pontifex,</span> <span class='ocrx_word' id='word_1_173' title='bbox 721 942 799 963; x_wconf 89' lang='lat' dir='ltr'>cum</span> <span class='ocrx_word' id='word_1_174' title='bbox 822 931 937 964; x_wconf 90' lang='lat' dir='ltr'>adhuc</span> <span class='ocrx_word' id='word_1_175' title='bbox 961 931 1012 963; x_wconf 85' lang='lat' dir='ltr'>illi</span> <span class='ocrx_word' id='word_1_176' title='bbox 1035 931 1252 969; x_wconf 87' lang='lat' dir='ltr'>monasterio,</span> <span class='ocrx_word' id='word_1_177' title='bbox 1275 931 1368 974; x_wconf 92' lang='lat' dir='ltr'>quod</span> <span class='ocrx_word' id='word_1_178' title='bbox 1391 942 1409 962; x_wconf 90' lang='lat' dir='ltr'>a</span> <span class='ocrx_word' id='word_1_179' title='bbox 1437 931 1651 964; x_wconf 88' lang='lat' dir='ltr'>sanctissimo</span> <span class='ocrx_word' id='word_1_180' title='bbox 1673 938 1772 973; x_wconf 91' lang='lat' dir='ltr'>patre</span> <span class='ocrx_word' id='word_1_181' title='bbox 1796 936 1910 963; x_wconf 90' lang='lat' dir='ltr'>nostro</span> <span class='ocrx_word' id='word_1_182' title='bbox 1934 929 2125 962; x_wconf 89' lang='lat' dir='ltr'>Benedicto</span> <span class='ocrx_word' id='word_1_183' title='bbox 2148 929 2183 961; x_wconf 91' lang='lat' dir='ltr'>in</span> 
     </span>
     <span class='ocr_line' id='line_1_27' title="bbox 362 982 2184 1027; baseline -0.002 -10"><span class='ocrx_word' id='word_1_184' title='bbox 362 985 487 1018; x_wconf 88' lang='lat' dir='ltr'>Casino</span> <span class='ocrx_word' id='word_1_185' title='bbox 510 991 624 1017; x_wconf 88' lang='lat' dir='ltr'>monte</span> <span class='ocrx_word' id='word_1_186' title='bbox 649 990 885 1017; x_wconf 84' lang='lat' dir='ltr'>constructum</span> <span class='ocrx_word' id='word_1_187' title='bbox 908 990 968 1023; x_wconf 87' lang='lat' dir='ltr'>est,</span> <span class='ocrx_word' id='word_1_188' title='bbox 983 985 1019 1017; x_wconf 93' lang='lat' dir='ltr'>in</span> <span class='ocrx_word' id='word_1_189' title='bbox 1041 985 1240 1017; x_wconf 86' lang='lat' dir='ltr'>venerando</span> <span class='ocrx_word' id='word_1_190' title='bbox 1255 983 1374 1016; x_wconf 91' lang='lat' dir='ltr'>habitu</span> <span class='ocrx_word' id='word_1_191' title='bbox 1389 990 1553 1026; x_wconf 87' lang='lat' dir='ltr'>preesset,</span> <span class='ocrx_word' id='word_1_192' title='bbox 1577 985 1611 1016; x_wconf 90' lang='lat' dir='ltr'>in</span> <span class='ocrx_word' id='word_1_193' title='bbox 1628 984 1716 1017; x_wconf 91' lang='lat' dir='ltr'>libro</span> <span class='ocrx_word' id='word_1_194' title='bbox 1733 995 1833 1027; x_wconf 92' lang='lat' dir='ltr'>quem</span> <span class='ocrx_word' id='word_1_195' title='bbox 1851 984 1894 1016; x_wconf 88' lang='lat' dir='ltr'>de</span> <span class='ocrx_word' id='word_1_196' title='bbox 1911 990 2106 1016; x_wconf 85' lang='lat' dir='ltr'>sanctorum</span> <span class='ocrx_word' id='word_1_197' title='bbox 2122 982 2184 1014; x_wconf 90' lang='lat' dir='ltr'>mi-</span> 
     </span>
     <span class='ocr_line' id='line_1_28' title="bbox 361 1036 2184 1080; baseline -0.001 -11"><span class='ocrx_word' id='word_1_198' title='bbox 361 1037 486 1070; x_wconf 85' lang='lat' dir='ltr'>raculis</span> <span class='ocrx_word' id='word_1_199' title='bbox 508 1037 645 1080; x_wconf 91' lang='lat' dir='ltr'>scripsit</span> <span class='ocrx_word' id='word_1_200' title='bbox 667 1037 731 1069; x_wconf 86' lang='lat' dir='ltr'>viri</span> <span class='ocrx_word' id='word_1_201' title='bbox 755 1037 961 1070; x_wconf 88' lang='lat' dir='ltr'>venerabilis</span> <span class='ocrx_word' id='word_1_202' title='bbox 983 1037 1109 1070; x_wconf 79' lang='lat' dir='ltr'>Alferii</span> <span class='ocrx_word' id='word_1_203' title='bbox 1131 1037 1340 1070; x_wconf 87' lang='lat' dir='ltr'>mentionem</span> <span class='ocrx_word' id='word_1_204' title='bbox 1363 1037 1449 1070; x_wconf 76' lang='lat' dir='ltr'>fecit</span> <span class='ocrx_word' id='word_1_205' title='bbox 1461 1037 1483 1075; x_wconf 84' lang='lat'>⁵,</span> <span class='ocrx_word' id='word_1_206' title='bbox 1506 1038 1577 1070; x_wconf 91' lang='lat' dir='ltr'>eius</span> <span class='ocrx_word' id='word_1_207' title='bbox 1600 1048 1636 1069; x_wconf 91' lang='lat' dir='ltr'>se</span> <span class='ocrx_word' id='word_1_208' title='bbox 1660 1037 1864 1069; x_wconf 81' lang='lat' dir='ltr'>familiarem</span> <span class='ocrx_word' id='word_1_209' title='bbox 1895 1037 1998 1068; x_wconf 79' lang='lat' dir='ltr'>fuisse</span> <span class='ocrx_word' id='word_1_210' title='bbox 2029 1036 2184 1073; x_wconf 87' lang='lat' dir='ltr'>asseruit,</span> 
     </span>
     <span class='ocr_line' id='line_1_29' title="bbox 360 1089 2184 1133; baseline -0.002 -10"><span class='ocrx_word' id='word_1_211' title='bbox 360 1097 394 1124; x_wconf 90' lang='lat' dir='ltr'>et</span> <span class='ocrx_word' id='word_1_212' title='bbox 416 1091 522 1133; x_wconf 89' lang='lat' dir='ltr'>ipsius</span> <span class='ocrx_word' id='word_1_213' title='bbox 545 1091 693 1133; x_wconf 92' lang='lat' dir='ltr'>quedam</span> <span class='ocrx_word' id='word_1_214' title='bbox 715 1090 883 1123; x_wconf 88' lang='lat' dir='ltr'>miracula</span> <span class='ocrx_word' id='word_1_215' title='bbox 905 1091 962 1129; x_wconf 89' lang='lat' dir='ltr'>ita,</span> <span class='ocrx_word' id='word_1_216' title='bbox 985 1097 1021 1123; x_wconf 89' lang='lat' dir='ltr'>ut</span> <span class='ocrx_word' id='word_1_217' title='bbox 1043 1090 1087 1122; x_wconf 90' lang='lat' dir='ltr'>ab</span> <span class='ocrx_word' id='word_1_218' title='bbox 1109 1100 1150 1122; x_wconf 92' lang='lat' dir='ltr'>eo</span> <span class='ocrx_word' id='word_1_219' title='bbox 1173 1091 1311 1122; x_wconf 71' lang='lat' dir='ltr'>fuerant</span> <span class='ocrx_word' id='word_1_220' title='bbox 1334 1096 1441 1133; x_wconf 88' lang='lat' dir='ltr'>gesta,</span> <span class='ocrx_word' id='word_1_221' title='bbox 1464 1091 1627 1123; x_wconf 86' lang='lat' dir='ltr'>narravit.</span> <span class='ocrx_word' id='word_1_222' title='bbox 1673 1090 1737 1123; x_wconf 89' lang='lat' dir='ltr'>Vir</span> <span class='ocrx_word' id='word_1_223' title='bbox 1768 1090 1905 1133; x_wconf 87' lang='lat' dir='ltr'>quidem</span> <span class='ocrx_word' id='word_1_224' title='bbox 1936 1094 2074 1122; x_wconf 83' lang='lat' dir='ltr'>sanctus</span> <span class='ocrx_word' id='word_1_225' title='bbox 2105 1089 2184 1121; x_wconf 92' lang='lat' dir='ltr'>dum</span> 
     </span>
     <span class='ocr_line' id='line_1_30' title="bbox 360 1143 2185 1186; baseline -0.002 -10"><span class='ocrx_word' id='word_1_226' title='bbox 360 1143 589 1176; x_wconf 88' lang='lat' dir='ltr'>subiectorum</span> <span class='ocrx_word' id='word_1_227' title='bbox 611 1143 742 1175; x_wconf 89' lang='lat' dir='ltr'>animas</span> <span class='ocrx_word' id='word_1_228' title='bbox 765 1144 810 1175; x_wconf 89' lang='lat' dir='ltr'>ad</span> <span class='ocrx_word' id='word_1_229' title='bbox 833 1143 996 1175; x_wconf 88' lang='lat' dir='ltr'>celestem</span> <span class='ocrx_word' id='word_1_230' title='bbox 1017 1143 1162 1184; x_wconf 88' lang='lat' dir='ltr'>patriam</span> <span class='ocrx_word' id='word_1_231' title='bbox 1185 1144 1396 1176; x_wconf 88' lang='lat' dir='ltr'>succendere</span> <span class='ocrx_word' id='word_1_232' title='bbox 1413 1154 1473 1185; x_wconf 91' lang='lat' dir='ltr'>per</span> <span class='ocrx_word' id='word_1_233' title='bbox 1497 1143 1654 1186; x_wconf 85' lang='lat' dir='ltr'>exempla</span> <span class='ocrx_word' id='word_1_234' title='bbox 1670 1143 1850 1175; x_wconf 90' lang='lat' dir='ltr'>meliorum</span> <span class='ocrx_word' id='word_1_235' title='bbox 1866 1148 2045 1185; x_wconf 83' lang='lat' dir='ltr'>satageret,</span> <span class='ocrx_word' id='word_1_236' title='bbox 2062 1153 2103 1174; x_wconf 89' lang='lat' dir='ltr'>ea</span> <span class='ocrx_word' id='word_1_237' title='bbox 2119 1151 2185 1184; x_wconf 90' lang='lat' dir='ltr'>que</span> 
     </span>
     <span class='ocr_line' id='line_1_31' title="bbox 360 1195 2185 1239; baseline -0.001 -11"><span class='ocrx_word' id='word_1_238' title='bbox 360 1197 406 1228; x_wconf 90' lang='lat' dir='ltr'>ad</span> <span class='ocrx_word' id='word_1_239' title='bbox 429 1206 545 1228; x_wconf 90' lang='lat' dir='ltr'>eorum</span> <span class='ocrx_word' id='word_1_240' title='bbox 569 1197 714 1228; x_wconf 78' lang='lat' dir='ltr'>formam</span> <span class='ocrx_word' id='word_1_241' title='bbox 737 1196 929 1238; x_wconf 88' lang='lat' dir='ltr'>producere</span> <span class='ocrx_word' id='word_1_242' title='bbox 953 1195 1070 1234; x_wconf 89' lang='lat' dir='ltr'>voluit,</span> <span class='ocrx_word' id='word_1_243' title='bbox 1100 1202 1135 1229; x_wconf 93' lang='lat' dir='ltr'>et</span> <span class='ocrx_word' id='word_1_244' title='bbox 1158 1206 1266 1238; x_wconf 90' lang='lat' dir='ltr'>prope</span> <span class='ocrx_word' id='word_1_245' title='bbox 1289 1202 1323 1228; x_wconf 91' lang='lat' dir='ltr'>et</span> <span class='ocrx_word' id='word_1_246' title='bbox 1346 1196 1483 1239; x_wconf 90' lang='lat' dir='ltr'>longius</span> <span class='ocrx_word' id='word_1_247' title='bbox 1507 1196 1661 1239; x_wconf 85' lang='lat' dir='ltr'>quesivit.</span> <span class='ocrx_word' id='word_1_248' title='bbox 1709 1195 1805 1234; x_wconf 88' lang='lat' dir='ltr'>Quid</span> <span class='ocrx_word' id='word_1_249' title='bbox 1829 1206 1912 1238; x_wconf 87' lang='lat' dir='ltr'>ergo</span> <span class='ocrx_word' id='word_1_250' title='bbox 1935 1195 2035 1227; x_wconf 91' lang='lat' dir='ltr'>nobis</span> <span class='ocrx_word' id='word_1_251' title='bbox 2058 1195 2101 1227; x_wconf 89' lang='lat' dir='ltr'>de</span> <span class='ocrx_word' id='word_1_252' title='bbox 2127 1205 2185 1227; x_wconf 91' lang='lat' dir='ltr'>no-</span> 
     </span>
     <span class='ocr_line' id='line_1_32' title="bbox 360 1248 2184 1292; baseline -0.001 -11"><span class='ocrx_word' id='word_1_253' title='bbox 360 1250 436 1282; x_wconf 85' lang='lat' dir='ltr'>stris</span> <span class='ocrx_word' id='word_1_254' title='bbox 458 1250 630 1292; x_wconf 89' lang='lat' dir='ltr'>agendum</span> <span class='ocrx_word' id='word_1_255' title='bbox 653 1254 713 1290; x_wconf 89' lang='lat' dir='ltr'>est,</span> <span class='ocrx_word' id='word_1_256' title='bbox 737 1249 765 1281; x_wconf 88' lang='lat' dir='ltr'>si</span> <span class='ocrx_word' id='word_1_257' title='bbox 787 1249 831 1281; x_wconf 93' lang='lat' dir='ltr'>ab</span> <span class='ocrx_word' id='word_1_258' title='bbox 855 1249 929 1280; x_wconf 89' lang='lat' dir='ltr'>aliis</span> <span class='ocrx_word' id='word_1_259' title='bbox 943 1250 1010 1281; x_wconf 89' lang='lat' dir='ltr'>iam</span> <span class='ocrx_word' id='word_1_260' title='bbox 1026 1255 1061 1282; x_wconf 92' lang='lat' dir='ltr'>et</span> <span class='ocrx_word' id='word_1_261' title='bbox 1083 1249 1186 1280; x_wconf 89' lang='lat' dir='ltr'>miris&#39;</span> <span class='ocrx_word' id='word_1_262' title='bbox 1205 1249 1411 1281; x_wconf 88' lang='lat' dir='ltr'>extolluntur</span> <span class='ocrx_word' id='word_1_263' title='bbox 1433 1250 1602 1287; x_wconf 87' lang='lat' dir='ltr'>laudibus,</span> <span class='ocrx_word' id='word_1_264' title='bbox 1625 1256 1659 1282; x_wconf 91' lang='lat' dir='ltr'>et</span> <span class='ocrx_word' id='word_1_265' title='bbox 1682 1250 1886 1291; x_wconf 88' lang='lat' dir='ltr'>scriptorum</span> <span class='ocrx_word' id='word_1_266' title='bbox 1909 1248 2072 1281; x_wconf 88' lang='lat' dir='ltr'>memoria</span> <span class='ocrx_word' id='word_1_267' title='bbox 2095 1249 2184 1280; x_wconf 88' lang='lat' dir='ltr'>cele-</span> 
     </span>
    </p>
   </div>
   <div class='ocr_carea' id='block_1_15' title="bbox 2211 769 2249 801">
    <p class='ocr_par' dir='ltr' id='par_1_15' title="bbox 2211 769 2249 801">
     <span class='ocr_line' id='line_1_33' title="bbox 2211 769 2249 801; baseline 0.026 -1"><span class='ocrx_word' id='word_1_268' title='bbox 2211 769 2249 801; x_wconf 93' lang='lat'>10</span> 
     </span>
    </p>
   </div>
   <div class='ocr_carea' id='block_1_16' title="bbox 2212 1034 2248 1067">
    <p class='ocr_par' dir='ltr' id='par_1_16' title="bbox 2212 1034 2248 1067">
     <span class='ocr_line' id='line_1_34' title="bbox 2212 1034 2248 1067; baseline -0.028 0"><span class='ocrx_word' id='word_1_269' title='bbox 2212 1034 2248 1067; x_wconf 89' lang='lat'>15</span> 
     </span>
    </p>
   </div>
   <div class='ocr_carea' id='block_1_17' title="bbox 360 1301 2249 1346">
    <p class='ocr_par' dir='ltr' id='par_1_17' title="bbox 360 1301 2249 1346">
     <span class='ocr_line' id='line_1_35' title="bbox 360 1301 2249 1346; baseline -0.002 -10"><span class='ocrx_word' id='word_1_270' title='bbox 360 1303 526 1336; x_wconf 85' lang='lat' dir='ltr'>brantur?</span> <span class='ocrx_word' id='word_1_271' title='bbox 550 1302 642 1340; x_wconf 86' lang='lat' dir='ltr'>Quia</span> <span class='ocrx_word' id='word_1_272' title='bbox 664 1312 747 1334; x_wconf 88' lang='lat' dir='ltr'>vero</span> <span class='ocrx_word' id='word_1_273' title='bbox 770 1302 924 1344; x_wconf 76' lang='lat' dir='ltr'>prefatus</span> <span class='ocrx_word' id='word_1_274' title='bbox 946 1303 1102 1344; x_wconf 74' lang='lat' dir='ltr'>pontifex</span> <span class='ocrx_word' id='word_1_275' title='bbox 1133 1302 1293 1346; x_wconf 88' lang='lat' dir='ltr'>quedam,</span> <span class='ocrx_word' id='word_1_276' title='bbox 1323 1314 1393 1336; x_wconf 90' lang='lat' dir='ltr'>non</span> <span class='ocrx_word' id='word_1_277' title='bbox 1423 1304 1548 1342; x_wconf 87' lang='lat' dir='ltr'>omnia,</span> <span class='ocrx_word' id='word_1_278' title='bbox 1571 1304 1670 1336; x_wconf 90' lang='lat' dir='ltr'>huius</span> <span class='ocrx_word' id='word_1_279' title='bbox 1695 1304 1758 1335; x_wconf 92' lang='lat' dir='ltr'>viri</span> <span class='ocrx_word' id='word_1_280' title='bbox 1789 1302 1995 1335; x_wconf 86' lang='lat' dir='ltr'>venerabilis</span> <span class='ocrx_word' id='word_1_281' title='bbox 2019 1301 2183 1334; x_wconf 90' lang='lat' dir='ltr'>miracula</span> <span class='ocrx_word' id='word_1_282' title='bbox 2206 1302 2249 1334; x_wconf 90' lang='lat'>20</span> 
     </span>
    </p>
   </div>
   <div class='ocr_carea' id='block_1_18' title="bbox 359 1422 1249 2625">
    <p class='ocr_par' dir='ltr' id='par_1_18' title="bbox 359 1422 1249 2625">
     <span class='ocr_line' id='line_1_36' title="bbox 450 1422 1249 1455; baseline -0.003 -7"><span class='ocrx_word' id='word_1_283' title='bbox 450 1422 459 1438; x_wconf 83' lang='lat'>¹</span> <span class='ocrx_word' id='word_1_284' title='bbox 477 1424 515 1448; x_wconf 84' lang='lat' dir='ltr'>Al</span> <span class='ocrx_word' id='word_1_285' title='bbox 537 1430 603 1455; x_wconf 82' lang='lat'>1140</span> <span class='ocrx_word' id='word_1_286' title='bbox 621 1423 734 1455; x_wconf 88' lang='lat' dir='ltr'>quando</span> <span class='ocrx_word' id='word_1_287' title='bbox 752 1423 816 1455; x_wconf 88' lang='lat' dir='ltr'>Ugo</span> <span class='ocrx_word' id='word_1_288' title='bbox 835 1423 973 1451; x_wconf 87' lang='lat' dir='ltr'>scriveva,</span> <span class='ocrx_word' id='word_1_289' title='bbox 992 1422 1091 1447; x_wconf 81' lang='lat' dir='ltr'>l&#39;Ordo</span> <span class='ocrx_word' id='word_1_290' title='bbox 1121 1423 1249 1447; x_wconf 76' lang='lat' dir='ltr'>Cavensis</span> 
     </span>
     <span class='ocr_line' id='line_1_37' title="bbox 362 1465 1248 1498; baseline -0.002 -8"><span class='ocrx_word' id='word_1_291' title='bbox 362 1465 431 1498; x_wconf 88' lang='lat' dir='ltr'>(non</span> <span class='ocrx_word' id='word_1_292' title='bbox 457 1466 502 1490; x_wconf 77' lang='lat' dir='ltr'>nel</span> <span class='ocrx_word' id='word_1_293' title='bbox 529 1473 609 1490; x_wconf 89' lang='lat' dir='ltr'>senso</span> <span class='ocrx_word' id='word_1_294' title='bbox 634 1465 780 1494; x_wconf 85' lang='lat' dir='ltr'>moderno,</span> <span class='ocrx_word' id='word_1_295' title='bbox 800 1473 843 1489; x_wconf 87' lang='lat' dir='ltr'>ma</span> <span class='ocrx_word' id='word_1_296' title='bbox 868 1466 1010 1497; x_wconf 82' lang='lat' dir='ltr'>piuttosto</span> <span class='ocrx_word' id='word_1_297' title='bbox 1036 1465 1248 1495; x_wconf 88' lang='lat' dir='ltr'>ordinamento,</span> 
     </span>
     <span class='ocr_line' id='line_1_38' title="bbox 362 1505 1245 1540; baseline -0.002 -8"><span class='ocrx_word' id='word_1_298' title='bbox 362 1516 535 1537; x_wconf 87' lang='lat' dir='ltr'>osservauza,</span> <span class='ocrx_word' id='word_1_299' title='bbox 558 1505 782 1540; x_wconf 82' lang='lat' dir='ltr'>Consuetudines)‚</span> <span class='ocrx_word' id='word_1_300' title='bbox 803 1508 903 1539; x_wconf 84' lang='lat' dir='ltr'>vigeva</span> <span class='ocrx_word' id='word_1_301' title='bbox 930 1508 957 1530; x_wconf 91' lang='lat' dir='ltr'>in</span> <span class='ocrx_word' id='word_1_302' title='bbox 978 1506 1026 1539; x_wconf 69' lang='lat' dir='ltr'>pisi</span> <span class='ocrx_word' id='word_1_303' title='bbox 1047 1507 1192 1530; x_wconf 88' lang='lat' dir='ltr'>centinaia</span> <span class='ocrx_word' id='word_1_304' title='bbox 1217 1507 1245 1530; x_wconf 91' lang='lat' dir='ltr'>di</span> 
     </span>
     <span class='ocr_line' id='line_1_39' title="bbox 362 1548 1245 1580; baseline -0.002 -7"><span class='ocrx_word' id='word_1_305' title='bbox 362 1550 454 1574; x_wconf 83' lang='lat' dir='ltr'>chiese</span> <span class='ocrx_word' id='word_1_306' title='bbox 467 1558 480 1573; x_wconf 92' lang='lat' dir='ltr'>e</span> <span class='ocrx_word' id='word_1_307' title='bbox 495 1551 658 1579; x_wconf 86' lang='lat' dir='ltr'>monasteri,</span> <span class='ocrx_word' id='word_1_308' title='bbox 671 1549 770 1573; x_wconf 86' lang='lat' dir='ltr'>donati</span> <span class='ocrx_word' id='word_1_309' title='bbox 784 1549 820 1573; x_wconf 90' lang='lat' dir='ltr'>da</span> <span class='ocrx_word' id='word_1_310' title='bbox 831 1549 954 1577; x_wconf 80' lang='lat' dir='ltr'>vescovi,</span> <span class='ocrx_word' id='word_1_311' title='bbox 968 1548 1092 1580; x_wconf 87' lang='lat' dir='ltr'>principi</span> <span class='ocrx_word' id='word_1_312' title='bbox 1107 1556 1121 1572; x_wconf 89' lang='lat' dir='ltr'>e</span> <span class='ocrx_word' id='word_1_313' title='bbox 1134 1548 1245 1580; x_wconf 86' lang='lat' dir='ltr'>signori</span> 
     </span>
     <span class='ocr_line' id='line_1_40' title="bbox 361 1590 1244 1624; baseline -0.003 -8"><span class='ocrx_word' id='word_1_314' title='bbox 361 1600 418 1616; x_wconf 88' lang='lat' dir='ltr'>non</span> <span class='ocrx_word' id='word_1_315' title='bbox 438 1593 500 1616; x_wconf 90' lang='lat' dir='ltr'>solo</span> <span class='ocrx_word' id='word_1_316' title='bbox 515 1592 590 1616; x_wconf 89' lang='lat' dir='ltr'>nella</span> <span class='ocrx_word' id='word_1_317' title='bbox 608 1593 757 1624; x_wconf 87' lang='lat' dir='ltr'>provincia</span> <span class='ocrx_word' id='word_1_318' title='bbox 771 1591 799 1615; x_wconf 93' lang='lat' dir='ltr'>di</span> <span class='ocrx_word' id='word_1_319' title='bbox 819 1590 947 1619; x_wconf 69' lang='lat' dir='ltr'>Salei-no,</span> <span class='ocrx_word' id='word_1_320' title='bbox 962 1598 1005 1614; x_wconf 90' lang='lat' dir='ltr'>ma</span> <span class='ocrx_word' id='word_1_321' title='bbox 1019 1590 1094 1614; x_wconf 88' lang='lat' dir='ltr'>nella</span> <span class='ocrx_word' id='word_1_322' title='bbox 1109 1590 1244 1619; x_wconf 86' lang='lat' dir='ltr'>Lucania,</span> 
     </span>
     <span class='ocr_line' id='line_1_41' title="bbox 361 1632 1244 1665; baseline -0.002 -7"><span class='ocrx_word' id='word_1_323' title='bbox 361 1633 502 1664; x_wconf 88' lang='lat' dir='ltr'>Calabria,</span> <span class='ocrx_word' id='word_1_324' title='bbox 523 1634 623 1665; x_wconf 86' lang='lat' dir='ltr'>Puglia</span> <span class='ocrx_word' id='word_1_325' title='bbox 639 1634 673 1657; x_wconf 89' lang='lat' dir='ltr'>ed</span> <span class='ocrx_word' id='word_1_326' title='bbox 692 1634 779 1657; x_wconf 89' lang='lat' dir='ltr'>anche</span> <span class='ocrx_word' id='word_1_327' title='bbox 800 1635 830 1657; x_wconf 88' lang='lat' dir='ltr'>in</span> <span class='ocrx_word' id='word_1_328' title='bbox 853 1633 954 1657; x_wconf 82' lang='lat' dir='ltr'>Sicilia</span> <span class='ocrx_word' id='word_1_329' title='bbox 973 1634 1068 1665; x_wconf 83' lang='lat' dir='ltr'>presso</span> <span class='ocrx_word' id='word_1_330' title='bbox 1089 1632 1212 1656; x_wconf 86' lang='lat' dir='ltr'>Catania</span> <span class='ocrx_word' id='word_1_331' title='bbox 1229 1640 1244 1656; x_wconf 86' lang='lat' dir='ltr'>e</span> 
     </span>
     <span class='ocr_line' id='line_1_42' title="bbox 360 1674 1243 1708; baseline -0.002 -8"><span class='ocrx_word' id='word_1_332' title='bbox 360 1683 456 1708; x_wconf 85' lang='lat' dir='ltr'>presso</span> <span class='ocrx_word' id='word_1_333' title='bbox 466 1676 603 1700; x_wconf 85' lang='lat' dir='ltr'>Palermo.</span> <span class='ocrx_word' id='word_1_334' title='bbox 634 1676 685 1700; x_wconf 90' lang='lat' dir='ltr'>Per</span> <span class='ocrx_word' id='word_1_335' title='bbox 703 1677 795 1700; x_wconf 85' lang='lat' dir='ltr'>aversi</span> <span class='ocrx_word' id='word_1_336' title='bbox 809 1683 865 1700; x_wconf 83' lang='lat' dir='ltr'>una</span> <span class='ocrx_word' id='word_1_337' title='bbox 877 1677 935 1699; x_wconf 88' lang='lat' dir='ltr'>vita</span> <span class='ocrx_word' id='word_1_338' title='bbox 950 1675 1083 1707; x_wconf 87' lang='lat' dir='ltr'>religiosa</span> <span class='ocrx_word' id='word_1_339' title='bbox 1101 1674 1243 1703; x_wconf 86' lang='lat' dir='ltr'>ordinata,</span> 
     </span>
     <span class='ocr_line' id='line_1_43' title="bbox 360 1717 1243 1750; baseline -0.003 -7"><span class='ocrx_word' id='word_1_340' title='bbox 360 1720 441 1743; x_wconf 86' lang='lat' dir='ltr'>tanto</span> <span class='ocrx_word' id='word_1_341' title='bbox 466 1718 562 1743; x_wconf 81' lang='lat' dir='ltr'>lodata</span> <span class='ocrx_word' id='word_1_342' title='bbox 582 1718 781 1750; x_wconf 84' lang='lat' dir='ltr'>specialmente</span> <span class='ocrx_word' id='word_1_343' title='bbox 807 1718 852 1742; x_wconf 88' lang='lat' dir='ltr'>dai</span> <span class='ocrx_word' id='word_1_344' title='bbox 881 1718 990 1741; x_wconf 88' lang='lat' dir='ltr'>vescovi</span> <span class='ocrx_word' id='word_1_345' title='bbox 1015 1717 1088 1741; x_wconf 89' lang='lat' dir='ltr'>nelle</span> <span class='ocrx_word' id='word_1_346' title='bbox 1112 1717 1189 1741; x_wconf 82' lang='lat' dir='ltr'>boile</span> <span class='ocrx_word' id='word_1_347' title='bbox 1214 1717 1243 1740; x_wconf 87' lang='lat' dir='ltr'>di</span> 
     </span>
     <span class='ocr_line' id='line_1_44' title="bbox 359 1759 1243 1790; baseline -0.003 -5"><span class='ocrx_word' id='word_1_348' title='bbox 359 1761 515 1790; x_wconf 77' lang='lat' dir='ltr'>esenzione,</span> <span class='ocrx_word' id='word_1_349' title='bbox 535 1768 579 1785; x_wconf 80' lang='lat' dir='ltr'>era</span> <span class='ocrx_word' id='word_1_350' title='bbox 602 1761 760 1785; x_wconf 87' lang='lat' dir='ltr'>necessario</span> <span class='ocrx_word' id='word_1_351' title='bbox 774 1760 822 1784; x_wconf 86' lang='lat' dir='ltr'>che</span> <span class='ocrx_word' id='word_1_352' title='bbox 843 1761 871 1784; x_wconf 91' lang='lat' dir='ltr'>in</span> <span class='ocrx_word' id='word_1_353' title='bbox 887 1761 999 1784; x_wconf 82' lang='lat' dir='ltr'>ciascun</span> <span class='ocrx_word' id='word_1_354' title='bbox 1014 1761 1173 1784; x_wconf 85' lang='lat' dir='ltr'>monastero</span> <span class='ocrx_word' id='word_1_355' title='bbox 1188 1759 1243 1782; x_wconf 80' lang='lat' dir='ltr'>sos·</span> 
     </span>
     <span class='ocr_line' id='line_1_45' title="bbox 359 1800 1243 1834; baseline -0.003 -7"><span class='ocrx_word' id='word_1_356' title='bbox 359 1810 421 1827; x_wconf 88' lang='lat' dir='ltr'>sero</span> <span class='ocrx_word' id='word_1_357' title='bbox 434 1803 545 1827; x_wconf 88' lang='lat' dir='ltr'>almeno</span> <span class='ocrx_word' id='word_1_358' title='bbox 565 1802 599 1826; x_wconf 88' lang='lat' dir='ltr'>da</span> <span class='ocrx_word' id='word_1_359' title='bbox 619 1804 681 1826; x_wconf 88' lang='lat' dir='ltr'>otto</span> <span class='ocrx_word' id='word_1_360' title='bbox 701 1810 716 1826; x_wconf 91' lang='lat' dir='ltr'>a</span> <span class='ocrx_word' id='word_1_361' title='bbox 735 1802 809 1826; x_wconf 83' lang='lat' dir='ltr'>dieci</span> <span class='ocrx_word' id='word_1_362' title='bbox 830 1802 952 1832; x_wconf 85' lang='lat' dir='ltr'>monaci,</span> <span class='ocrx_word' id='word_1_363' title='bbox 971 1800 1066 1834; x_wconf 73' lang='lat' dir='ltr'>percio</span> <span class='ocrx_word' id='word_1_364' title='bbox 1086 1801 1148 1833; x_wconf 85' lang='lat' dir='ltr'>Ugo</span> <span class='ocrx_word' id='word_1_365' title='bbox 1168 1801 1243 1825; x_wconf 85' lang='lat' dir='ltr'>nella</span> 
     </span>
     <span class='ocr_line' id='line_1_46' title="bbox 360 1842 1243 1876; baseline -0.002 -8"><span class='ocrx_word' id='word_1_366' title='bbox 360 1845 427 1870; x_wconf 84' lang='lat' dir='ltr'>Vita</span> <span class='ocrx_word' id='word_1_367' title='bbox 440 1846 468 1869; x_wconf 89' lang='lat' dir='ltr'>di</span> <span class='ocrx_word' id='word_1_368' title='bbox 483 1844 670 1869; x_wconf 80' lang='lat' dir='ltr'>sant&#39;Alserio</span> <span class='ocrx_word' id='word_1_369' title='bbox 690 1844 727 1876; x_wconf 88' lang='lat' dir='ltr'>(p.</span> <span class='ocrx_word' id='word_1_370' title='bbox 747 1842 771 1872; x_wconf 84' lang='lat'>8,</span> <span class='ocrx_word' id='word_1_371' title='bbox 792 1844 809 1867; x_wconf 96' lang='lat' dir='ltr'>l.</span> <span class='ocrx_word' id='word_1_372' title='bbox 833 1850 878 1873; x_wconf 69' lang='lat'>103</span> <span class='ocrx_word' id='word_1_373' title='bbox 898 1851 923 1875; x_wconf 62' lang='lat' dir='ltr'>p.</span> <span class='ocrx_word' id='word_1_374' title='bbox 937 1842 961 1873; x_wconf 86' lang='lat'>6,</span> <span class='ocrx_word' id='word_1_375' title='bbox 975 1843 995 1868; x_wconf 92' lang='lat' dir='ltr'>l.</span> <span class='ocrx_word' id='word_1_376' title='bbox 1010 1842 1053 1876; x_wconf 85' lang='lat'>16)</span> <span class='ocrx_word' id='word_1_377' title='bbox 1067 1851 1120 1868; x_wconf 89' lang='lat' dir='ltr'>con</span> <span class='ocrx_word' id='word_1_378' title='bbox 1139 1843 1243 1874; x_wconf 85' lang='lat' dir='ltr'>grande</span> 
     </span>
     <span class='ocr_line' id='line_1_47' title="bbox 361 1885 1242 1920; baseline -0.003 -9"><span class='ocrx_word' id='word_1_379' title='bbox 361 1887 527 1920; x_wconf 83' lang='lat' dir='ltr'>meraviglia</span> <span class='ocrx_word' id='word_1_380' title='bbox 540 1901 574 1905; x_wconf 89' lang='lat'><strong>—</strong></span> <span class='ocrx_word' id='word_1_381' title='bbox 585 1890 716 1917; x_wconf 73' lang='lat' dir='ltr'>stupemus</span> <span class='ocrx_word' id='word_1_382' title='bbox 729 1887 754 1910; x_wconf 87' lang='lat' dir='ltr'>in</span> <span class='ocrx_word' id='word_1_383' title='bbox 768 1889 848 1916; x_wconf 79' lang='lat' dir='ltr'>opere</span> <span class='ocrx_word' id='word_1_384' title='bbox 865 1899 893 1903; x_wconf 75' lang='lat'>—</span> <span class='ocrx_word' id='word_1_385' title='bbox 908 1886 987 1917; x_wconf 82' lang='lat' dir='ltr'>paria</span> <span class='ocrx_word' id='word_1_386' title='bbox 1001 1885 1076 1909; x_wconf 88' lang='lat' dir='ltr'>della</span> <span class='ocrx_word' id='word_1_387' title='bbox 1092 1885 1105 1898; x_wconf 69' lang='lat'>‘⁴</span> <span class='ocrx_word' id='word_1_388' title='bbox 1117 1886 1242 1909; x_wconf 88' lang='lat' dir='ltr'>innume·</span> 
     </span>
     <span class='ocr_line' id='line_1_48' title="bbox 361 1928 1244 1953; baseline -0.002 0"><span class='ocrx_word' id='word_1_389' title='bbox 361 1929 374 1942; x_wconf 85' lang='lat'><em>“</em></span> <span class='ocrx_word' id='word_1_390' title='bbox 385 1929 483 1953; x_wconf 84' lang='lat' dir='ltr'>rabilis</span> <span class='ocrx_word' id='word_1_391' title='bbox 502 1929 656 1953; x_wconf 88' lang='lat' dir='ltr'>multitudo</span> <span class='ocrx_word' id='word_1_392' title='bbox 676 1942 707 1946; x_wconf 83' lang='lat'>-—</span> <span class='ocrx_word' id='word_1_393' title='bbox 729 1930 840 1952; x_wconf 85' lang='lat' dir='ltr'>nostrae</span> <span class='ocrx_word' id='word_1_394' title='bbox 853 1928 1047 1952; x_wconf 82' lang='lat' dir='ltr'>multitudinis</span> <span class='ocrx_word' id='word_1_395' title='bbox 1060 1928 1244 1952; x_wconf 80' lang='lat' dir='ltr'>seminarium</span> 
     </span>
     <span class='ocr_line' id='line_1_49' title="bbox 361 1970 1243 2002; baseline -0.002 -7"><span class='ocrx_word' id='word_1_396' title='bbox 361 1971 441 1995; x_wconf 70' lang='lat' dir='ltr'>“suit</span> <span class='ocrx_word' id='word_1_397' title='bbox 452 1989 472 2001; x_wconf 88' lang='grc'>,,,</span> <span class='ocrx_word' id='word_1_398' title='bbox 492 1974 506 1995; x_wconf 85' lang='lat' dir='ltr'>e</span> <span class='ocrx_word' id='word_1_399' title='bbox 526 1973 553 1994; x_wconf 95' lang='lat' dir='ltr'>in</span> <span class='ocrx_word' id='word_1_400' title='bbox 574 1971 667 2002; x_wconf 86' lang='lat' dir='ltr'>quella</span> <span class='ocrx_word' id='word_1_401' title='bbox 687 1971 714 1994; x_wconf 93' lang='lat' dir='ltr'>di</span> <span class='ocrx_word' id='word_1_402' title='bbox 735 1977 784 1994; x_wconf 77' lang='lat' dir='ltr'>san</span> <span class='ocrx_word' id='word_1_403' title='bbox 805 1970 911 1999; x_wconf 76' lang='lat' dir='ltr'>pietro,</span> <span class='ocrx_word' id='word_1_404' title='bbox 930 1970 1058 1994; x_wconf 85' lang='lat' dir='ltr'>riserisce</span> <span class='ocrx_word' id='word_1_405' title='bbox 1081 1971 1129 1994; x_wconf 86' lang='lat' dir='ltr'>che</span> <span class='ocrx_word' id='word_1_406' title='bbox 1152 1970 1243 2001; x_wconf 83' lang='lat' dir='ltr'>questi</span> 
     </span>
     <span class='ocr_line' id='line_1_50' title="bbox 360 2010 1242 2043; baseline -0.002 -6"><span class='ocrx_word' id='word_1_407' title='bbox 360 2014 440 2037; x_wconf 89' lang='lat' dir='ltr'>diede</span> <span class='ocrx_word' id='word_1_408' title='bbox 460 2014 560 2038; x_wconf 85' lang='lat' dir='ltr'>l&#39;ablto</span> <span class='ocrx_word' id='word_1_409' title='bbox 573 2014 732 2036; x_wconf 88' lang='lat' dir='ltr'>monastico</span> <span class='ocrx_word' id='word_1_410' title='bbox 751 2020 767 2036; x_wconf 90' lang='lat' dir='ltr'>a</span> <span class='ocrx_word' id='word_1_411' title='bbox 786 2010 836 2043; x_wconf 74' lang='lat' dir='ltr'>piu</span> <span class='ocrx_word' id='word_1_412' title='bbox 855 2013 882 2035; x_wconf 90' lang='lat' dir='ltr'>di</span> <span class='ocrx_word' id='word_1_413' title='bbox 902 2013 1016 2036; x_wconf 74' lang='lat' dir='ltr'>tremila</span> <span class='ocrx_word' id='word_1_414' title='bbox 1036 2013 1156 2036; x_wconf 83' lang='lat' dir='ltr'>monaci.</span> <span class='ocrx_word' id='word_1_415' title='bbox 1194 2012 1242 2036; x_wconf 91' lang='lat' dir='ltr'>Gli</span> 
     </span>
     <span class='ocr_line' id='line_1_51' title="bbox 360 2054 1242 2079; baseline -0.002 0"><span class='ocrx_word' id='word_1_416' title='bbox 360 2056 460 2079; x_wconf 71' lang='lat' dir='ltr'>stoi-ici</span> <span class='ocrx_word' id='word_1_417' title='bbox 479 2055 523 2078; x_wconf 91' lang='lat' dir='ltr'>del</span> <span class='ocrx_word' id='word_1_418' title='bbox 543 2057 704 2079; x_wconf 84' lang='lat' dir='ltr'>monastero</span> <span class='ocrx_word' id='word_1_419' title='bbox 718 2062 731 2078; x_wconf 90' lang='lat' dir='ltr'>e</span> <span class='ocrx_word' id='word_1_420' title='bbox 745 2055 968 2078; x_wconf 81' lang='lat' dir='ltr'>Arcivescovato</span> <span class='ocrx_word' id='word_1_421' title='bbox 988 2054 1015 2077; x_wconf 90' lang='lat' dir='ltr'>di</span> <span class='ocrx_word' id='word_1_422' title='bbox 1036 2054 1182 2078; x_wconf 85' lang='lat' dir='ltr'>Monreale</span> <span class='ocrx_word' id='word_1_423' title='bbox 1201 2054 1242 2077; x_wconf 90' lang='lat' dir='ltr'>di-</span> 
     </span>
     <span class='ocr_line' id='line_1_52' title="bbox 360 2094 1243 2129; baseline 0 -9"><span class='ocrx_word' id='word_1_424' title='bbox 360 2105 431 2122; x_wconf 86' lang='lat' dir='ltr'>cono</span> <span class='ocrx_word' id='word_1_425' title='bbox 451 2098 500 2121; x_wconf 85' lang='lat' dir='ltr'>che</span> <span class='ocrx_word' id='word_1_426' title='bbox 519 2097 639 2121; x_wconf 83' lang='lat' dir='ltr'>l&#39;abbate</span> <span class='ocrx_word' id='word_1_427' title='bbox 658 2097 814 2120; x_wconf 81' lang='lat' dir='ltr'>Benincasa</span> <span class='ocrx_word' id='word_1_428' title='bbox 826 2094 1003 2129; x_wconf 77' lang='lat'>(1171-1194)</span> <span class='ocrx_word' id='word_1_429' title='bbox 1021 2103 1038 2120; x_wconf 82' lang='lat' dir='ltr'>a</span> <span class='ocrx_word' id='word_1_430' title='bbox 1050 2096 1183 2120; x_wconf 83' lang='lat' dir='ltr'>richiesta</span> <span class='ocrx_word' id='word_1_431' title='bbox 1198 2096 1243 2120; x_wconf 89' lang='lat' dir='ltr'>del</span> 
     </span>
     <span class='ocr_line' id='line_1_53' title="bbox 360 2137 1242 2172; baseline -0.001 -9"><span class='ocrx_word' id='word_1_432' title='bbox 360 2147 389 2163; x_wconf 87' lang='lat' dir='ltr'>re</span> <span class='ocrx_word' id='word_1_433' title='bbox 408 2138 572 2172; x_wconf 90' lang='lat' dir='ltr'>Guglielmo</span> <span class='ocrx_word' id='word_1_434' title='bbox 592 2139 616 2163; x_wconf 93' lang='lat'>11</span> <span class='ocrx_word' id='word_1_435' title='bbox 637 2139 665 2163; x_wconf 87' lang='lat' dir='ltr'>vi</span> <span class='ocrx_word' id='word_1_436' title='bbox 684 2138 788 2163; x_wconf 72' lang='lat' dir='ltr'>mando</span> <span class='ocrx_word' id='word_1_437' title='bbox 808 2139 842 2162; x_wconf 86' lang='lat' dir='ltr'>da</span> <span class='ocrx_word' id='word_1_438' title='bbox 862 2137 939 2163; x_wconf 83' lang='lat' dir='ltr'>Cava</span> <span class='ocrx_word' id='word_1_439' title='bbox 958 2140 1042 2163; x_wconf 87' lang='lat' dir='ltr'>cento</span> <span class='ocrx_word' id='word_1_440' title='bbox 1063 2140 1172 2162; x_wconf 90' lang='lat' dir='ltr'>monaci</span> <span class='ocrx_word' id='word_1_441' title='bbox 1198 2138 1242 2162; x_wconf 90' lang='lat' dir='ltr'>nel</span> 
     </span>
     <span class='ocr_line' id='line_1_54' title="bbox 363 2180 1242 2214; baseline -0.001 -9"><span class='ocrx_word' id='word_1_442' title='bbox 363 2188 438 2214; x_wconf 81' lang='lat'>1174,</span> <span class='ocrx_word' id='word_1_443' title='bbox 457 2182 490 2205; x_wconf 87' lang='lat' dir='ltr'>ed</span> <span class='ocrx_word' id='word_1_444' title='bbox 510 2181 609 2205; x_wconf 81' lang='lat' dir='ltr'>infatti</span> <span class='ocrx_word' id='word_1_445' title='bbox 637 2183 666 2204; x_wconf 90' lang='lat' dir='ltr'>in</span> <span class='ocrx_word' id='word_1_446' title='bbox 692 2183 733 2204; x_wconf 90' lang='lat' dir='ltr'>tre</span> <span class='ocrx_word' id='word_1_447' title='bbox 760 2180 919 2204; x_wconf 83' lang='lat' dir='ltr'>documenti</span> <span class='ocrx_word' id='word_1_448' title='bbox 946 2180 991 2204; x_wconf 88' lang='lat' dir='ltr'>del</span> <span class='ocrx_word' id='word_1_449' title='bbox 1020 2185 1086 2212; x_wconf 87' lang='lat'><strong>1177</strong></span> <span class='ocrx_word' id='word_1_450' title='bbox 1112 2188 1204 2205; x_wconf 90' lang='lat' dir='ltr'>marzo</span> <span class='ocrx_word' id='word_1_451' title='bbox 1229 2189 1242 2204; x_wconf 94' lang='lat' dir='ltr'>e</span> 
     </span>
     <span class='ocr_line' id='line_1_55' title="bbox 360 2222 1242 2255; baseline -0.001 -7"><span class='ocrx_word' id='word_1_452' title='bbox 360 2225 450 2255; x_wconf 86' lang='lat' dir='ltr'>aprile</span> <span class='ocrx_word' id='word_1_453' title='bbox 470 2223 512 2252; x_wconf 83' lang='lat' dir='ltr'>(V.</span> <span class='ocrx_word' id='word_1_454' title='bbox 531 2224 595 2247; x_wconf 72' lang='lat' dir='ltr'>Dm.</span> <span class='ocrx_word' id='word_1_455' title='bbox 613 2222 751 2252; x_wconf 72' lang='lat' dir='ltr'>Glumcrs,</span> <span class='ocrx_word' id='word_1_456' title='bbox 771 2223 944 2247; x_wconf 65' lang='lat' dir='ltr'>Descrim&#39;one</span> <span class='ocrx_word' id='word_1_457' title='bbox 962 2224 1007 2247; x_wconf 72' lang='lat' dir='ltr'>del</span> <span class='ocrx_word' id='word_1_458' title='bbox 1025 2224 1097 2247; x_wconf 79' lang='lat' dir='ltr'>Real</span> <span class='ocrx_word' id='word_1_459' title='bbox 1114 2224 1210 2253; x_wconf 66' lang='lat' dir='ltr'>ternpio</span> <span class='ocrx_word' id='word_1_460' title='bbox 1229 2232 1242 2247; x_wconf 85' lang='lat' dir='ltr'>e</span> 
     </span>
     <span class='ocr_line' id='line_1_56' title="bbox 360 2264 1241 2295; baseline -0.001 -6"><span class='ocrx_word' id='word_1_461' title='bbox 360 2268 506 2289; x_wconf 82' lang='lat' dir='ltr'>monastero</span> <span class='ocrx_word' id='word_1_462' title='bbox 525 2265 555 2288; x_wconf 82' lang='lat' dir='ltr'>di</span> <span class='ocrx_word' id='word_1_463' title='bbox 580 2265 606 2288; x_wconf 81' lang='lat' dir='ltr'>S.</span> <span class='ocrx_word' id='word_1_464' title='bbox 632 2265 728 2288; x_wconf 80' lang='lat' dir='ltr'>Maria</span> <span class='ocrx_word' id='word_1_465' title='bbox 753 2265 851 2288; x_wconf 77' lang='lat' dir='ltr'>quova</span> <span class='ocrx_word' id='word_1_466' title='bbox 876 2265 903 2287; x_wconf 86' lang='lat' dir='ltr'>in</span> <span class='ocrx_word' id='word_1_467' title='bbox 929 2265 1078 2295; x_wconf 69' lang='lat' dir='ltr'>Monreale,</span> <span class='ocrx_word' id='word_1_468' title='bbox 1102 2264 1241 2294; x_wconf 85' lang='lat' dir='ltr'>Palermo,</span> 
     </span>
     <span class='ocr_line' id='line_1_57' title="bbox 364 2305 1242 2340; baseline 0 -10"><span class='ocrx_word' id='word_1_469' title='bbox 364 2313 437 2337; x_wconf 81' lang='lat'>1702,</span> <span class='ocrx_word' id='word_1_470' title='bbox 458 2315 484 2340; x_wconf 87' lang='lat' dir='ltr'>p.</span> <span class='ocrx_word' id='word_1_471' title='bbox 504 2313 562 2339; x_wconf 84' lang='lat'>730,</span> <span class='ocrx_word' id='word_1_472' title='bbox 583 2314 596 2330; x_wconf 89' lang='lat' dir='ltr'>e</span> <span class='ocrx_word' id='word_1_473' title='bbox 616 2306 725 2330; x_wconf 75' lang='lat' dir='ltr'>Pnums</span> <span class='ocrx_word' id='word_1_474' title='bbox 744 2305 787 2335; x_wconf 61' lang='lat' dir='ltr'>R„</span> <span class='ocrx_word' id='word_1_475' title='bbox 802 2306 898 2330; x_wconf 80' lang='lat' dir='ltr'>Sicilia</span> <span class='ocrx_word' id='word_1_476' title='bbox 911 2314 999 2334; x_wconf 78' lang='lat' dir='ltr'>sacra.</span> <span class='ocrx_word' id='word_1_477' title='bbox 1013 2307 1150 2337; x_wconf 79' lang='lat' dir='ltr'>Paiermo,</span> <span class='ocrx_word' id='word_1_478' title='bbox 1167 2312 1242 2339; x_wconf 86' lang='lat'>1733,</span> 
     </span>
     <span class='ocr_line' id='line_1_58' title="bbox 360 2347 1243 2381; baseline -0.001 -8"><span class='ocrx_word' id='word_1_479' title='bbox 360 2351 427 2374; x_wconf 90' lang='lat' dir='ltr'>tom.</span> <span class='ocrx_word' id='word_1_480' title='bbox 447 2349 467 2377; x_wconf 89' lang='grc' dir='ltr'>Ι,</span> <span class='ocrx_word' id='word_1_481' title='bbox 487 2357 513 2380; x_wconf 92' lang='lat' dir='ltr'>p.</span> <span class='ocrx_word' id='word_1_482' title='bbox 533 2347 603 2380; x_wconf 73' lang='lat'>456).</span> <span class='ocrx_word' id='word_1_483' title='bbox 629 2355 700 2372; x_wconf 87' lang='lat' dir='ltr'>sono</span> <span class='ocrx_word' id='word_1_484' title='bbox 720 2348 746 2371; x_wconf 87' lang='lat' dir='ltr'>lc</span> <span class='ocrx_word' id='word_1_485' title='bbox 764 2348 840 2372; x_wconf 81' lang='lat' dir='ltr'>firme</span> <span class='ocrx_word' id='word_1_486' title='bbox 865 2349 895 2372; x_wconf 87' lang='lat' dir='ltr'>di</span> <span class='ocrx_word' id='word_1_487' title='bbox 914 2354 956 2380; x_wconf 78' lang='lat'>27,</span> <span class='ocrx_word' id='word_1_488' title='bbox 976 2354 1007 2381; x_wconf 82' lang='lat'>35</span> <span class='ocrx_word' id='word_1_489' title='bbox 1029 2357 1041 2372; x_wconf 89' lang='lat' dir='ltr'>e</span> <span class='ocrx_word' id='word_1_490' title='bbox 1069 2355 1099 2381; x_wconf 85' lang='lat'>5²</span> <span class='ocrx_word' id='word_1_491' title='bbox 1121 2350 1243 2379; x_wconf 87' lang='lat' dir='ltr'>monaci,</span> 
     </span>
     <span class='ocr_line' id='line_1_59' title="bbox 360 2389 1243 2424; baseline 0 -9"><span class='ocrx_word' id='word_1_492' title='bbox 360 2391 426 2415; x_wconf 92' lang='lat' dir='ltr'>tolti</span> <span class='ocrx_word' id='word_1_493' title='bbox 447 2392 456 2414; x_wconf 85' lang='lat' dir='ltr'>i</span> <span class='ocrx_word' id='word_1_494' title='bbox 477 2392 604 2422; x_wconf 77' lang='lat' dir='ltr'>ripetuti,</span> <span class='ocrx_word' id='word_1_495' title='bbox 623 2391 648 2414; x_wconf 89' lang='lat' dir='ltr'>si</span> <span class='ocrx_word' id='word_1_496' title='bbox 666 2391 764 2414; x_wconf 84' lang='lat' dir='ltr'>hanno</span> <span class='ocrx_word' id='word_1_497' title='bbox 783 2389 817 2421; x_wconf 85' lang='lat'>48</span> <span class='ocrx_word' id='word_1_498' title='bbox 837 2392 956 2418; x_wconf 80' lang='lat' dir='ltr'>monaci,</span> <span class='ocrx_word' id='word_1_499' title='bbox 976 2391 1003 2414; x_wconf 90' lang='lat' dir='ltr'>la</span> <span class='ocrx_word' id='word_1_500' title='bbox 1023 2392 1150 2423; x_wconf 88' lang='lat' dir='ltr'>maggior</span> <span class='ocrx_word' id='word_1_501' title='bbox 1164 2393 1243 2424; x_wconf 87' lang='lat' dir='ltr'>parte</span> 
     </span>
     <span class='ocr_line' id='line_1_60' title="bbox 361 2433 1241 2464; baseline 0.001 -8"><span class='ocrx_word' id='word_1_502' title='bbox 361 2433 407 2456; x_wconf 89' lang='lat' dir='ltr'>dei</span> <span class='ocrx_word' id='word_1_503' title='bbox 425 2433 502 2464; x_wconf 87' lang='lat' dir='ltr'>quali</span> <span class='ocrx_word' id='word_1_504' title='bbox 521 2439 608 2457; x_wconf 89' lang='lat' dir='ltr'>erano</span> <span class='ocrx_word' id='word_1_505' title='bbox 627 2433 713 2464; x_wconf 90' lang='lat' dir='ltr'>quelli</span> <span class='ocrx_word' id='word_1_506' title='bbox 738 2433 787 2456; x_wconf 87' lang='lat' dir='ltr'>che</span> <span class='ocrx_word' id='word_1_507' title='bbox 812 2434 968 2464; x_wconf 87' lang='lat' dir='ltr'>coprivano</span> <span class='ocrx_word' id='word_1_508' title='bbox 993 2433 1110 2464; x_wconf 87' lang='lat' dir='ltr'>qualche</span> <span class='ocrx_word' id='word_1_509' title='bbox 1136 2433 1241 2462; x_wconf 79' lang='lat' dir='ltr'>ufficlo,</span> 
     </span>
     <span class='ocr_line' id='line_1_61' title="bbox 361 2474 1241 2506; baseline 0.001 -8"><span class='ocrx_word' id='word_1_510' title='bbox 361 2476 460 2506; x_wconf 87' lang='lat' dir='ltr'>quindi</span> <span class='ocrx_word' id='word_1_511' title='bbox 475 2475 648 2499; x_wconf 84' lang='lat' dir='ltr'>considerati</span> <span class='ocrx_word' id='word_1_512' title='bbox 667 2474 754 2498; x_wconf 89' lang='lat' dir='ltr'>anche</span> <span class='ocrx_word' id='word_1_513' title='bbox 772 2474 814 2506; x_wconf 83' lang='lat' dir='ltr'>gli</span> <span class='ocrx_word' id='word_1_514' title='bbox 828 2475 896 2498; x_wconf 86' lang='lat' dir='ltr'>altri</span> <span class='ocrx_word' id='word_1_515' title='bbox 910 2475 1046 2499; x_wconf 84' lang='lat' dir='ltr'>residenti</span> <span class='ocrx_word' id='word_1_516' title='bbox 1061 2475 1133 2499; x_wconf 87' lang='lat' dir='ltr'>nelle</span> <span class='ocrx_word' id='word_1_517' title='bbox 1148 2483 1241 2499; x_wconf 87' lang='lat' dir='ltr'>nume-</span> 
     </span>
     <span class='ocr_line' id='line_1_62' title="bbox 361 2515 1242 2548; baseline 0.001 -8"><span class='ocrx_word' id='word_1_518' title='bbox 361 2524 422 2541; x_wconf 91' lang='lat' dir='ltr'>rose</span> <span class='ocrx_word' id='word_1_519' title='bbox 441 2517 612 2540; x_wconf 88' lang='lat' dir='ltr'>obbedienze</span> <span class='ocrx_word' id='word_1_520' title='bbox 636 2517 664 2540; x_wconf 90' lang='lat' dir='ltr'>di</span> <span class='ocrx_word' id='word_1_521' title='bbox 686 2516 838 2545; x_wconf 86' lang='lat' dir='ltr'>Monreale,</span> <span class='ocrx_word' id='word_1_522' title='bbox 857 2516 879 2540; x_wconf 85' lang='lat' dir='ltr'>ll</span> <span class='ocrx_word' id='word_1_523' title='bbox 900 2523 1015 2540; x_wconf 83' lang='lat' dir='ltr'>numero</span> <span class='ocrx_word' id='word_1_524' title='bbox 1035 2515 1090 2548; x_wconf 76' lang='lat' dir='ltr'>puo</span> <span class='ocrx_word' id='word_1_525' title='bbox 1110 2517 1242 2541; x_wconf 85' lang='lat' dir='ltr'>ritenersi</span> 
     </span>
     <span class='ocr_line' id='line_1_63' title="bbox 360 2557 1242 2589; baseline 0 -7"><span class='ocrx_word' id='word_1_526' title='bbox 360 2560 458 2589; x_wconf 81' lang='lat' dir='ltr'>esatto,</span> <span class='ocrx_word' id='word_1_527' title='bbox 479 2565 493 2582; x_wconf 90' lang='lat' dir='ltr'>e</span> <span class='ocrx_word' id='word_1_528' title='bbox 512 2557 567 2589; x_wconf 75' lang='lat' dir='ltr'>puc&#39;)</span> <span class='ocrx_word' id='word_1_529' title='bbox 586 2558 653 2582; x_wconf 85' lang='lat' dir='ltr'>dare</span> <span class='ocrx_word' id='word_1_530' title='bbox 666 2557 749 2581; x_wconf 85' lang='lat' dir='ltr'>l&#39;idea</span> <span class='ocrx_word' id='word_1_531' title='bbox 763 2557 837 2582; x_wconf 84' lang='lat' dir='ltr'>della</span> <span class='ocrx_word' id='word_1_532' title='bbox 851 2559 989 2582; x_wconf 82' lang='lat' dir='ltr'>multitudo</span> <span class='ocrx_word' id='word_1_533' title='bbox 1005 2559 1141 2586; x_wconf 80' lang='lat' dir='ltr'>Cavensz&#39;s,</span> <span class='ocrx_word' id='word_1_534' title='bbox 1155 2559 1242 2583; x_wconf 88' lang='lat' dir='ltr'>ricor-</span> 
     </span>
     <span class='ocr_line' id='line_1_64' title="bbox 361 2599 1241 2625; baseline 0.001 -1"><span class='ocrx_word' id='word_1_535' title='bbox 361 2601 425 2624; x_wconf 87' lang='lat' dir='ltr'>data</span> <span class='ocrx_word' id='word_1_536' title='bbox 448 2600 522 2624; x_wconf 86' lang='lat' dir='ltr'>nella</span> <span class='ocrx_word' id='word_1_537' title='bbox 542 2600 623 2624; x_wconf 80' lang='lat' dir='ltr'>Bolia</span> <span class='ocrx_word' id='word_1_538' title='bbox 641 2600 669 2623; x_wconf 87' lang='lat' dir='ltr'>di</span> <span class='ocrx_word' id='word_1_539' title='bbox 690 2599 780 2624; x_wconf 88' lang='lat' dir='ltr'>Lucio</span> <span class='ocrx_word' id='word_1_540' title='bbox 800 2599 855 2623; x_wconf 79' lang='lat'>111:</span> <span class='ocrx_word' id='word_1_541' title='bbox 875 2599 1009 2623; x_wconf 79' lang='lat' dir='ltr'>“tandem</span> <span class='ocrx_word' id='word_1_542' title='bbox 1030 2600 1241 2625; x_wconf 82' lang='lat' dir='ltr'>multitudinem</span> 
     </span>
    </p>
   </div>
   <div class='ocr_carea' id='block_1_19' title="bbox 302 2640 1243 2674">
    <p class='ocr_par' dir='ltr' id='par_1_19' title="bbox 302 2640 1243 2674">
     <span class='ocr_line' id='line_1_65' title="bbox 302 2640 1243 2674; baseline 0.001 -8"><span class='ocrx_word' id='word_1_543' title='bbox 302 2652 314 2662; x_wconf 52' lang='lat' dir='ltr'><em>w</em></span> <span class='ocrx_word' id='word_1_544' title='bbox 361 2642 584 2666; x_wconf 78' lang='lat' dir='ltr'>“monachorum</span> <span class='ocrx_word' id='word_1_545' title='bbox 604 2641 637 2665; x_wconf 90' lang='lat' dir='ltr'>de</span> <span class='ocrx_word' id='word_1_546' title='bbox 657 2640 777 2665; x_wconf 83' lang='lat' dir='ltr'>Cavensi</span> <span class='ocrx_word' id='word_1_547' title='bbox 799 2641 901 2665; x_wconf 88' lang='lat' dir='ltr'>ordine</span> <span class='ocrx_word' id='word_1_548' title='bbox 922 2642 1107 2672; x_wconf 82' lang='lat' dir='ltr'>introduxit„</span> <span class='ocrx_word' id='word_1_549' title='bbox 1124 2642 1167 2674; x_wconf 91' lang='lat' dir='ltr'>(V.</span> <span class='ocrx_word' id='word_1_550' title='bbox 1182 2642 1243 2667; x_wconf 76' lang='lat' dir='ltr'>DsL</span> 
     </span>
    </p>
   </div>
   <div class='ocr_carea' id='block_1_20' title="bbox 361 2682 1242 2966">
    <p class='ocr_par' dir='ltr' id='par_1_20' title="bbox 361 2682 922 2715">
     <span class='ocr_line' id='line_1_66' title="bbox 361 2682 922 2715; baseline 0 -7"><span class='ocrx_word' id='word_1_551' title='bbox 361 2683 497 2713; x_wconf 75' lang='lat' dir='ltr'>Gwmcs,</span> <span class='ocrx_word' id='word_1_552' title='bbox 516 2688 557 2713; x_wconf 78' lang='lat' dir='ltr'>op.</span> <span class='ocrx_word' id='word_1_553' title='bbox 575 2684 628 2714; x_wconf 61' lang='lat' dir='ltr'>cit„</span> <span class='ocrx_word' id='word_1_554' title='bbox 649 2683 710 2708; x_wconf 86' lang='lat' dir='ltr'>doc.</span> <span class='ocrx_word' id='word_1_555' title='bbox 728 2683 802 2713; x_wconf 84' lang='lat' dir='ltr'>xm,</span> <span class='ocrx_word' id='word_1_556' title='bbox 822 2691 848 2715; x_wconf 90' lang='lat' dir='ltr'>p.</span> <span class='ocrx_word' id='word_1_557' title='bbox 867 2682 922 2715; x_wconf 66' lang='lat'>40).</span> 
     </span>
    </p>

    <p class='ocr_par' dir='ltr' id='par_1_21' title="bbox 361 2724 1242 2966">
     <span class='ocr_line' id='line_1_67' title="bbox 447 2724 1241 2757; baseline 0 -8"><span class='ocrx_word' id='word_1_558' title='bbox 447 2724 458 2741; x_wconf 63' lang='grc' dir='ltr'><strong><em>ἵ</em></strong></span> <span class='ocrx_word' id='word_1_559' title='bbox 476 2725 515 2749; x_wconf 91' lang='lat' dir='ltr'>La</span> <span class='ocrx_word' id='word_1_560' title='bbox 535 2726 623 2749; x_wconf 81' lang='lat' dir='ltr'>Badia</span> <span class='ocrx_word' id='word_1_561' title='bbox 641 2726 670 2749; x_wconf 91' lang='lat' dir='ltr'>di</span> <span class='ocrx_word' id='word_1_562' title='bbox 697 2726 817 2753; x_wconf 78' lang='lat' dir='ltr'>Venosa.</span> <span class='ocrx_word' id='word_1_563' title='bbox 842 2726 959 2750; x_wconf 86' lang='lat' dir='ltr'>sebbene</span> <span class='ocrx_word' id='word_1_564' title='bbox 986 2733 1041 2749; x_wconf 91' lang='lat' dir='ltr'>non</span> <span class='ocrx_word' id='word_1_565' title='bbox 1068 2726 1241 2757; x_wconf 87' lang='lat' dir='ltr'>dipendente</span> 
     </span>
     <span class='ocr_line' id='line_1_68' title="bbox 362 2765 1241 2799; baseline -0.001 -7"><span class='ocrx_word' id='word_1_566' title='bbox 362 2768 397 2792; x_wconf 81' lang='lat' dir='ltr'>da</span> <span class='ocrx_word' id='word_1_567' title='bbox 415 2767 501 2795; x_wconf 80' lang='lat' dir='ltr'>Cava,</span> <span class='ocrx_word' id='word_1_568' title='bbox 516 2774 549 2792; x_wconf 90' lang='lat' dir='ltr'>ne</span> <span class='ocrx_word' id='word_1_569' title='bbox 563 2765 673 2796; x_wconf 73' lang='lat' dir='ltr'>adotto,</span> <span class='ocrx_word' id='word_1_570' title='bbox 687 2774 765 2791; x_wconf 87' lang='lat' dir='ltr'>come</span> <span class='ocrx_word' id='word_1_571' title='bbox 778 2768 801 2790; x_wconf 88' lang='lat' dir='ltr'>si</span> <span class='ocrx_word' id='word_1_572' title='bbox 816 2767 893 2795; x_wconf 87' lang='lat' dir='ltr'>vede,</span> <span class='ocrx_word' id='word_1_573' title='bbox 907 2774 955 2799; x_wconf 90' lang='lat' dir='ltr'>per</span> <span class='ocrx_word' id='word_1_574' title='bbox 969 2769 1071 2791; x_wconf 90' lang='lat' dir='ltr'>merito</span> <span class='ocrx_word' id='word_1_575' title='bbox 1085 2768 1114 2791; x_wconf 88' lang='lat' dir='ltr'>di</span> <span class='ocrx_word' id='word_1_576' title='bbox 1134 2767 1196 2799; x_wconf 84' lang='lat' dir='ltr'>Ugo</span> <span class='ocrx_word' id='word_1_577' title='bbox 1217 2768 1241 2791; x_wconf 86' lang='lat' dir='ltr'>le</span> 
     </span>
     <span class='ocr_line' id='line_1_69' title="bbox 363 2807 1242 2841; baseline -0.001 -8"><span class='ocrx_word' id='word_1_578' title='bbox 363 2810 574 2837; x_wconf 71' lang='lat' dir='ltr'>eonsuetudines,</span> <span class='ocrx_word' id='word_1_579' title='bbox 594 2816 670 2832; x_wconf 88' lang='lat' dir='ltr'>come</span> <span class='ocrx_word' id='word_1_580' title='bbox 689 2807 738 2840; x_wconf 65' lang='lat' dir='ltr'>piis</span> <span class='ocrx_word' id='word_1_581' title='bbox 765 2810 839 2833; x_wconf 82' lang='lat' dir='ltr'>tardi</span> <span class='ocrx_word' id='word_1_582' title='bbox 860 2809 952 2840; x_wconf 85' lang='lat' dir='ltr'>quella</span> <span class='ocrx_word' id='word_1_583' title='bbox 972 2809 999 2832; x_wconf 90' lang='lat' dir='ltr'>di</span> <span class='ocrx_word' id='word_1_584' title='bbox 1021 2809 1164 2833; x_wconf 86' lang='lat' dir='ltr'>Monreale</span> <span class='ocrx_word' id='word_1_585' title='bbox 1195 2817 1242 2841; x_wconf 87' lang='lat' dir='ltr'>per</span> 
     </span>
     <span class='ocr_line' id='line_1_70' title="bbox 361 2849 1242 2883; baseline 0 -9"><span class='ocrx_word' id='word_1_586' title='bbox 361 2851 551 2882; x_wconf 81' lang='lat' dir='ltr'>prescrizione</span> <span class='ocrx_word' id='word_1_587' title='bbox 578 2851 622 2874; x_wconf 89' lang='lat' dir='ltr'>del</span> <span class='ocrx_word' id='word_1_588' title='bbox 651 2858 678 2874; x_wconf 89' lang='lat' dir='ltr'>re</span> <span class='ocrx_word' id='word_1_589' title='bbox 706 2849 870 2883; x_wconf 86' lang='lat' dir='ltr'>Guglielmo</span> <span class='ocrx_word' id='word_1_590' title='bbox 888 2851 940 2875; x_wconf 86' lang='lat'>·11:</span> <span class='ocrx_word' id='word_1_591' title='bbox 960 2850 1187 2875; x_wconf 79' lang='lat' dir='ltr'>“Monasterium</span> <span class='ocrx_word' id='word_1_592' title='bbox 1206 2851 1242 2874; x_wconf 84' lang='lat' dir='ltr'>ad</span> 
     </span>
     <span class='ocr_line' id='line_1_71' title="bbox 361 2892 1241 2921; baseline 0 -5"><span class='ocrx_word' id='word_1_593' title='bbox 361 2892 374 2904; x_wconf 73' lang='lat'>⁴‘</span> <span class='ocrx_word' id='word_1_594' title='bbox 387 2892 522 2916; x_wconf 90' lang='lat' dir='ltr'>Ordinem</span> <span class='ocrx_word' id='word_1_595' title='bbox 533 2892 671 2916; x_wconf 87' lang='lat' dir='ltr'>Cavensis</span> <span class='ocrx_word' id='word_1_596' title='bbox 681 2893 856 2916; x_wconf 81' lang='lat' dir='ltr'>monasterii.</span> <span class='ocrx_word' id='word_1_597' title='bbox 868 2909 873 2916; x_wconf 90' lang='lat'>.</span> <span class='ocrx_word' id='word_1_598' title='bbox 884 2909 905 2917; x_wconf 84' lang='lat'>..</span> <span class='ocrx_word' id='word_1_599' title='bbox 919 2892 1132 2916; x_wconf 83' lang='lat' dir='ltr'>informandum</span> <span class='ocrx_word' id='word_1_600' title='bbox 1141 2909 1154 2921; x_wconf 79' lang='lat'>„</span> <span class='ocrx_word' id='word_1_601' title='bbox 1165 2892 1241 2921; x_wconf 76' lang='lat' dir='ltr'>(Pm-</span> 
     </span>
     <span class='ocr_line' id='line_1_72' title="bbox 362 2932 1240 2966; baseline -0.001 -9"><span class='ocrx_word' id='word_1_602' title='bbox 362 2937 474 2964; x_wconf 78' lang='lat' dir='ltr'>RUS‚op.</span> <span class='ocrx_word' id='word_1_603' title='bbox 492 2934 548 2962; x_wconf 73' lang='lat' dir='ltr'>cit„</span> <span class='ocrx_word' id='word_1_604' title='bbox 559 2933 580 2963; x_wconf 89' lang='grc' dir='ltr'>Ι,</span> <span class='ocrx_word' id='word_1_605' title='bbox 599 2941 625 2966; x_wconf 89' lang='lat' dir='ltr'>p.</span> <span class='ocrx_word' id='word_1_606' title='bbox 639 2932 711 2965; x_wconf 84' lang='lat'>455),</span> <span class='ocrx_word' id='word_1_607' title='bbox 723 2940 738 2957; x_wconf 92' lang='lat' dir='ltr'>e</span> <span class='ocrx_word' id='word_1_608' title='bbox 751 2933 795 2957; x_wconf 86' lang='lat' dir='ltr'>del</span> <span class='ocrx_word' id='word_1_609' title='bbox 814 2940 886 2966; x_wconf 85' lang='lat' dir='ltr'>papa</span> <span class='ocrx_word' id='word_1_610' title='bbox 904 2933 993 2957; x_wconf 90' lang='lat' dir='ltr'>Lucio</span> <span class='ocrx_word' id='word_1_611' title='bbox 1006 2933 1053 2961; x_wconf 87' lang='grc' dir='ltr'>ΙΙΙ,</span> <span class='ocrx_word' id='word_1_612' title='bbox 1068 2940 1082 2964; x_wconf 82' lang='grc'><em>5</em></span> <span class='ocrx_word' id='word_1_613' title='bbox 1098 2932 1240 2957; x_wconf 79' lang='lat' dir='ltr'>feb.1182:</span> 
     </span>
    </p>
   </div>
   <div class='ocr_carea' id='block_1_21' title="bbox 1291 1422 2185 2965">
    <p class='ocr_par' dir='ltr' id='par_1_22' title="bbox 1291 1422 2185 2547">
     <span class='ocr_line' id='line_1_73' title="bbox 1303 1422 2183 1454; baseline 0 -8"><span class='ocrx_word' id='word_1_614' title='bbox 1303 1422 1478 1448; x_wconf 77' lang='lat' dir='ltr'>“statuimus</span> <span class='ocrx_word' id='word_1_615' title='bbox 1497 1425 1527 1448; x_wconf 90' lang='lat' dir='ltr'>ut</span> <span class='ocrx_word' id='word_1_616' title='bbox 1547 1424 1617 1447; x_wconf 90' lang='lat' dir='ltr'>ordo</span> <span class='ocrx_word' id='word_1_617' title='bbox 1636 1424 1818 1452; x_wconf 82' lang='lat' dir='ltr'>monasticus,</span> <span class='ocrx_word' id='word_1_618' title='bbox 1838 1424 1886 1454; x_wconf 83' lang='lat' dir='ltr'>qui</span> <span class='ocrx_word' id='word_1_619' title='bbox 1906 1423 2057 1447; x_wconf 88' lang='lat' dir='ltr'>secundum</span> <span class='ocrx_word' id='word_1_620' title='bbox 2075 1422 2129 1446; x_wconf 90' lang='lat' dir='ltr'>Dei</span> <span class='ocrx_word' id='word_1_621' title='bbox 2149 1422 2183 1446; x_wconf 87' lang='lat' dir='ltr'>ti-</span> 
     </span>
     <span class='ocr_line' id='line_1_74' title="bbox 1304 1464 2185 1498; baseline -0.002 -9"><span class='ocrx_word' id='word_1_622' title='bbox 1304 1464 1432 1489; x_wconf 77' lang='lat' dir='ltr'>“morem</span> <span class='ocrx_word' id='word_1_623' title='bbox 1458 1468 1486 1489; x_wconf 90' lang='lat' dir='ltr'>et</span> <span class='ocrx_word' id='word_1_624' title='bbox 1509 1466 1534 1489; x_wconf 84' lang='lat' dir='ltr'>b.</span> <span class='ocrx_word' id='word_1_625' title='bbox 1560 1465 1703 1489; x_wconf 87' lang='lat' dir='ltr'>Benedicti</span> <span class='ocrx_word' id='word_1_626' title='bbox 1723 1466 1847 1498; x_wconf 87' lang='lat' dir='ltr'>regulam</span> <span class='ocrx_word' id='word_1_627' title='bbox 1873 1467 1900 1489; x_wconf 88' lang='lat' dir='ltr'>et</span> <span class='ocrx_word' id='word_1_628' title='bbox 1925 1464 2063 1489; x_wconf 88' lang='lat' dir='ltr'>Cavensis</span> <span class='ocrx_word' id='word_1_629' title='bbox 2088 1471 2185 1488; x_wconf 89' lang='lat' dir='ltr'>mona-</span> 
     </span>
     <span class='ocr_line' id='line_1_75' title="bbox 1303 1504 2184 1531; baseline 0 -2"><span class='ocrx_word' id='word_1_630' title='bbox 1303 1504 1406 1530; x_wconf 78' lang='lat' dir='ltr'>“sterii</span> <span class='ocrx_word' id='word_1_631' title='bbox 1435 1507 1631 1531; x_wconf 85' lang='lat' dir='ltr'>observantias</span> <span class='ocrx_word' id='word_1_632' title='bbox 1660 1508 1689 1530; x_wconf 87' lang='lat' dir='ltr'>in</span> <span class='ocrx_word' id='word_1_633' title='bbox 1709 1508 1805 1531; x_wconf 90' lang='lat' dir='ltr'>eodem</span> <span class='ocrx_word' id='word_1_634' title='bbox 1834 1507 1897 1530; x_wconf 86' lang='lat' dir='ltr'>loco</span> <span class='ocrx_word' id='word_1_635' title='bbox 1924 1507 2098 1530; x_wconf 88' lang='lat' dir='ltr'>constitutus</span> <span class='ocrx_word' id='word_1_636' title='bbox 2127 1512 2184 1529; x_wconf 89' lang='lat' dir='ltr'>esse</span> 
     </span>
     <span class='ocr_line' id='line_1_76' title="bbox 1299 1547 2183 1581; baseline -0.001 -10"><span class='ocrx_word' id='word_1_637' title='bbox 1299 1547 1509 1580; x_wconf 80' lang='lat' dir='ltr'>“dignoscitur,</span> <span class='ocrx_word' id='word_1_638' title='bbox 1529 1549 1674 1581; x_wconf 88' lang='lat' dir='ltr'>perpetuis</span> <span class='ocrx_word' id='word_1_639' title='bbox 1704 1549 1809 1572; x_wconf 82' lang='lat' dir='ltr'>ibidem</span> <span class='ocrx_word' id='word_1_640' title='bbox 1829 1549 2003 1580; x_wconf 81' lang='lat' dir='ltr'>temporibus</span> <span class='ocrx_word' id='word_1_641' title='bbox 2032 1547 2183 1571; x_wconf 86' lang='lat' dir='ltr'>inviolabi—</span> 
     </span>
     <span class='ocr_line' id='line_1_77' title="bbox 1298 1589 2184 1623; baseline 0 -11"><span class='ocrx_word' id='word_1_642' title='bbox 1298 1589 1389 1613; x_wconf 76' lang='lat' dir='ltr'>“liter</span> <span class='ocrx_word' id='word_1_643' title='bbox 1408 1591 1595 1623; x_wconf 76' lang='lat' dir='ltr'>observetur„</span> <span class='ocrx_word' id='word_1_644' title='bbox 1624 1591 1669 1623; x_wconf 94' lang='lat' dir='ltr'>(V.</span> <span class='ocrx_word' id='word_1_645' title='bbox 1683 1591 1745 1615; x_wconf 77' lang='lat' dir='ltr'>sz.</span> <span class='ocrx_word' id='word_1_646' title='bbox 1762 1590 1898 1620; x_wconf 79' lang='lat' dir='ltr'>GmmcE,</span> <span class='ocrx_word' id='word_1_647' title='bbox 1910 1594 1950 1620; x_wconf 85' lang='lat' dir='ltr'>op.</span> <span class='ocrx_word' id='word_1_648' title='bbox 1968 1591 2023 1619; x_wconf 75' lang='lat' dir='ltr'>cit.¹</span> <span class='ocrx_word' id='word_1_649' title='bbox 2036 1589 2184 1621; x_wconf 83' lang='lat' dir='ltr'>Privilegi,</span> 
     </span>
     <span class='ocr_line' id='line_1_78' title="bbox 1299 1631 2183 1665; baseline -0.001 -10"><span class='ocrx_word' id='word_1_650' title='bbox 1299 1631 1360 1656; x_wconf 89' lang='lat' dir='ltr'>doc.</span> <span class='ocrx_word' id='word_1_651' title='bbox 1379 1631 1452 1661; x_wconf 82' lang='lat' dir='ltr'>xlv,</span> <span class='ocrx_word' id='word_1_652' title='bbox 1471 1641 1498 1664; x_wconf 89' lang='lat' dir='ltr'>p.</span> <span class='ocrx_word' id='word_1_653' title='bbox 1517 1634 1571 1665; x_wconf 76' lang='lat'>44).</span> <span class='ocrx_word' id='word_1_654' title='bbox 1590 1632 1642 1656; x_wconf 74' lang='lat' dir='ltr'>Pii:</span> <span class='ocrx_word' id='word_1_655' title='bbox 1662 1633 1735 1656; x_wconf 88' lang='lat' dir='ltr'>tardi</span> <span class='ocrx_word' id='word_1_656' title='bbox 1753 1633 1820 1657; x_wconf 81' lang='lat' dir='ltr'>altri</span> <span class='ocrx_word' id='word_1_657' title='bbox 1840 1631 1910 1664; x_wconf 84' lang='lat' dir='ltr'>Papi</span> <span class='ocrx_word' id='word_1_658' title='bbox 1929 1633 2071 1663; x_wconf 84' lang='lat' dir='ltr'>imposero</span> <span class='ocrx_word' id='word_1_659' title='bbox 2084 1631 2125 1663; x_wconf 84' lang='lat' dir='ltr'>gli</span> <span class='ocrx_word' id='word_1_660' title='bbox 2140 1631 2183 1654; x_wconf 83' lang='lat' dir='ltr'>usi</span> 
     </span>
     <span class='ocr_line' id='line_1_79' title="bbox 1299 1672 2184 1699; baseline -0.001 -2"><span class='ocrx_word' id='word_1_661' title='bbox 1299 1673 1421 1698; x_wconf 86' lang='lat' dir='ltr'>Cavensi</span> <span class='ocrx_word' id='word_1_662' title='bbox 1441 1675 1469 1698; x_wconf 88' lang='lat' dir='ltr'>ai</span> <span class='ocrx_word' id='word_1_663' title='bbox 1489 1675 1603 1698; x_wconf 89' lang='lat' dir='ltr'>monaci</span> <span class='ocrx_word' id='word_1_664' title='bbox 1628 1674 1702 1698; x_wconf 77' lang='lat' dir='ltr'>della</span> <span class='ocrx_word' id='word_1_665' title='bbox 1721 1674 1767 1699; x_wconf 89' lang='lat' dir='ltr'>SS.</span> <span class='ocrx_word' id='word_1_666' title='bbox 1792 1672 1907 1698; x_wconf 66' lang='lat' dir='ltr'>Trinita</span> <span class='ocrx_word' id='word_1_667' title='bbox 1932 1674 1962 1697; x_wconf 90' lang='lat' dir='ltr'>di</span> <span class='ocrx_word' id='word_1_668' title='bbox 1981 1673 2079 1697; x_wconf 85' lang='lat' dir='ltr'>Monte</span> <span class='ocrx_word' id='word_1_669' title='bbox 2097 1672 2184 1696; x_wconf 82' lang='lat' dir='ltr'>Sacro</span> 
     </span>
     <span class='ocr_line' id='line_1_80' title="bbox 1299 1715 2183 1749; baseline -0.001 -10"><span class='ocrx_word' id='word_1_670' title='bbox 1299 1716 1342 1740; x_wconf 80' lang='lat' dir='ltr'>sul</span> <span class='ocrx_word' id='word_1_671' title='bbox 1362 1715 1495 1748; x_wconf 87' lang='lat' dir='ltr'>Gargano</span> <span class='ocrx_word' id='word_1_672' title='bbox 1516 1716 1554 1749; x_wconf 79' lang='grc' dir='ltr'>(ν.</span> <span class='ocrx_word' id='word_1_673' title='bbox 1574 1717 1686 1741; x_wconf 86' lang='lat' dir='ltr'>Lettera</span> <span class='ocrx_word' id='word_1_674' title='bbox 1706 1717 1736 1741; x_wconf 91' lang='lat' dir='ltr'>di</span> <span class='ocrx_word' id='word_1_675' title='bbox 1764 1716 1924 1740; x_wconf 88' lang='lat' dir='ltr'>Innocenzo</span> <span class='ocrx_word' id='word_1_676' title='bbox 1944 1716 1982 1740; x_wconf 91' lang='lat'>111</span> <span class='ocrx_word' id='word_1_677' title='bbox 2002 1724 2016 1740; x_wconf 86' lang='lat' dir='ltr'>a</span> <span class='ocrx_word' id='word_1_678' title='bbox 2043 1715 2107 1747; x_wconf 90' lang='lat' dir='ltr'>quei</span> <span class='ocrx_word' id='word_1_679' title='bbox 2126 1722 2183 1738; x_wconf 89' lang='lat' dir='ltr'>mo-</span> 
     </span>
     <span class='ocr_line' id='line_1_81' title="bbox 1300 1756 2184 1791; baseline -0.001 -9"><span class='ocrx_word' id='word_1_680' title='bbox 1300 1760 1362 1782; x_wconf 87' lang='lat' dir='ltr'>naci</span> <span class='ocrx_word' id='word_1_681' title='bbox 1391 1760 1420 1783; x_wconf 89' lang='lat' dir='ltr'>in</span> <span class='ocrx_word' id='word_1_682' title='bbox 1449 1758 1562 1787; x_wconf 63' lang='lat' dir='ltr'>Mmmz,</span> <span class='ocrx_word' id='word_1_683' title='bbox 1589 1761 1694 1784; x_wconf 78' lang='lat' dir='ltr'>Patrol.</span> <span class='ocrx_word' id='word_1_684' title='bbox 1723 1759 1791 1788; x_wconf 73' lang='lat' dir='ltr'>Eat„</span> <span class='ocrx_word' id='word_1_685' title='bbox 1821 1758 1879 1789; x_wconf 88' lang='lat' dir='ltr'>CC,</span> <span class='ocrx_word' id='word_1_686' title='bbox 1907 1759 1960 1783; x_wconf 86' lang='lat' dir='ltr'>col.</span> <span class='ocrx_word' id='word_1_687' title='bbox 1989 1757 2060 1791; x_wconf 84' lang='lat'>401).</span> <span class='ocrx_word' id='word_1_688' title='bbox 2080 1756 2184 1785; x_wconf 83' lang='lat' dir='ltr'>Queste</span> 
     </span>
     <span class='ocr_line' id='line_1_82' title="bbox 1299 1801 2183 1833; baseline -0.001 -9"><span class='ocrx_word' id='word_1_689' title='bbox 1299 1801 1505 1825; x_wconf 80' lang='lat' dir='ltr'>Consuetudines</span> <span class='ocrx_word' id='word_1_690' title='bbox 1533 1809 1589 1825; x_wconf 89' lang='lat' dir='ltr'>non</span> <span class='ocrx_word' id='word_1_691' title='bbox 1610 1808 1675 1833; x_wconf 87' lang='lat' dir='ltr'>pare</span> <span class='ocrx_word' id='word_1_692' title='bbox 1707 1802 1788 1825; x_wconf 84' lang='lat' dir='ltr'>siano</span> <span class='ocrx_word' id='word_1_693' title='bbox 1808 1803 1881 1825; x_wconf 87' lang='lat' dir='ltr'>state</span> <span class='ocrx_word' id='word_1_694' title='bbox 1901 1802 2007 1829; x_wconf 86' lang='lat' dir='ltr'>scritte,</span> <span class='ocrx_word' id='word_1_695' title='bbox 2033 1807 2111 1824; x_wconf 88' lang='lat' dir='ltr'>come</span> <span class='ocrx_word' id='word_1_696' title='bbox 2136 1806 2183 1823; x_wconf 83' lang='lat' dir='ltr'>av-</span> 
     </span>
     <span class='ocr_line' id='line_1_83' title="bbox 1299 1841 2183 1875; baseline -0.002 -9"><span class='ocrx_word' id='word_1_697' title='bbox 1299 1850 1390 1867; x_wconf 87' lang='lat' dir='ltr'>venne</span> <span class='ocrx_word' id='word_1_698' title='bbox 1408 1850 1456 1875; x_wconf 88' lang='lat' dir='ltr'>per</span> <span class='ocrx_word' id='word_1_699' title='bbox 1474 1845 1547 1868; x_wconf 82' lang='lat' dir='ltr'>tutte</span> <span class='ocrx_word' id='word_1_700' title='bbox 1572 1844 1598 1868; x_wconf 87' lang='lat' dir='ltr'>le</span> <span class='ocrx_word' id='word_1_701' title='bbox 1616 1844 1734 1868; x_wconf 81' lang='lat' dir='ltr'>risorme</span> <span class='ocrx_word' id='word_1_702' title='bbox 1754 1844 1928 1868; x_wconf 86' lang='lat' dir='ltr'>monastiche</span> <span class='ocrx_word' id='word_1_703' title='bbox 1954 1844 1999 1867; x_wconf 82' lang='lat' dir='ltr'>dei</span> <span class='ocrx_word' id='word_1_704' title='bbox 2019 1843 2105 1866; x_wconf 83' lang='lat' dir='ltr'>secoli</span> <span class='ocrx_word' id='word_1_705' title='bbox 2126 1841 2151 1864; x_wconf 85' lang='lat' dir='ltr'>X</span> <span class='ocrx_word' id='word_1_706' title='bbox 2170 1849 2183 1865; x_wconf 89' lang='lat' dir='ltr'>e</span> 
     </span>
     <span class='ocr_line' id='line_1_84' title="bbox 1299 1883 2184 1918; baseline -0.002 -9"><span class='ocrx_word' id='word_1_707' title='bbox 1299 1884 1344 1913; x_wconf 84' lang='grc' dir='ltr'>ΧῙ,</span> <span class='ocrx_word' id='word_1_708' title='bbox 1364 1885 1390 1909; x_wconf 85' lang='lat' dir='ltr'>le</span> <span class='ocrx_word' id='word_1_709' title='bbox 1409 1886 1454 1909; x_wconf 86' lang='lat' dir='ltr'>cui</span> <span class='ocrx_word' id='word_1_710' title='bbox 1474 1886 1658 1918; x_wconf 89' lang='lat' dir='ltr'>prescrizioni</span> <span class='ocrx_word' id='word_1_711' title='bbox 1674 1886 1839 1917; x_wconf 84' lang='lat' dir='ltr'>particolari</span> <span class='ocrx_word' id='word_1_712' title='bbox 1854 1886 1955 1909; x_wconf 82' lang='lat' dir='ltr'>surono</span> <span class='ocrx_word' id='word_1_713' title='bbox 1974 1885 2080 1909; x_wconf 85' lang='lat' dir='ltr'>redatte</span> <span class='ocrx_word' id='word_1_714' title='bbox 2095 1883 2184 1908; x_wconf 88' lang='lat' dir='ltr'>molto</span> 
     </span>
     <span class='ocr_line' id='line_1_85' title="bbox 1298 1925 2184 1959; baseline 0.001 -10"><span class='ocrx_word' id='word_1_715' title='bbox 1298 1928 1392 1959; x_wconf 88' lang='lat' dir='ltr'>tempo</span> <span class='ocrx_word' id='word_1_716' title='bbox 1411 1927 1487 1959; x_wconf 89' lang='lat' dir='ltr'>dopo</span> <span class='ocrx_word' id='word_1_717' title='bbox 1506 1928 1555 1951; x_wconf 90' lang='lat' dir='ltr'>che</span> <span class='ocrx_word' id='word_1_718' title='bbox 1574 1935 1660 1952; x_wconf 81' lang='lat' dir='ltr'>erano</span> <span class='ocrx_word' id='word_1_719' title='bbox 1685 1929 1756 1951; x_wconf 85' lang='lat' dir='ltr'>state</span> <span class='ocrx_word' id='word_1_720' title='bbox 1777 1929 1928 1952; x_wconf 88' lang='lat' dir='ltr'>osservate.</span> <span class='ocrx_word' id='word_1_721' title='bbox 1948 1927 1973 1950; x_wconf 83' lang='lat' dir='ltr'><strong>A</strong></span> <span class='ocrx_word' id='word_1_722' title='bbox 1995 1925 2071 1950; x_wconf 84' lang='lat' dir='ltr'>Cava</span> <span class='ocrx_word' id='word_1_723' title='bbox 2097 1932 2184 1950; x_wconf 85' lang='lat' dir='ltr'>erano</span> 
     </span>
     <span class='ocr_line' id='line_1_86' title="bbox 1298 1968 2184 2001; baseline -0.001 -9"><span class='ocrx_word' id='word_1_724' title='bbox 1298 1969 1328 1992; x_wconf 88' lang='lat' dir='ltr'>ln</span> <span class='ocrx_word' id='word_1_725' title='bbox 1347 1969 1447 2000; x_wconf 85' lang='lat' dir='ltr'>vigore</span> <span class='ocrx_word' id='word_1_726' title='bbox 1465 1970 1557 2000; x_wconf 86' lang='lat' dir='ltr'>quelle</span> <span class='ocrx_word' id='word_1_727' title='bbox 1576 1970 1605 1993; x_wconf 90' lang='lat' dir='ltr'>di</span> <span class='ocrx_word' id='word_1_728' title='bbox 1625 1968 1727 2001; x_wconf 76' lang='lat' dir='ltr'>Cluny,</span> <span class='ocrx_word' id='word_1_729' title='bbox 1746 1977 1823 1994; x_wconf 89' lang='lat' dir='ltr'>come</span> <span class='ocrx_word' id='word_1_730' title='bbox 1843 1971 1867 1993; x_wconf 92' lang='lat' dir='ltr'>si</span> <span class='ocrx_word' id='word_1_731' title='bbox 1889 1970 2016 2000; x_wconf 87' lang='lat' dir='ltr'>arguisce</span> <span class='ocrx_word' id='word_1_732' title='bbox 2035 1969 2069 1992; x_wconf 86' lang='lat' dir='ltr'>da</span> <span class='ocrx_word' id='word_1_733' title='bbox 2089 1971 2184 1999; x_wconf 87' lang='lat' dir='ltr'>queste</span> 
     </span>
     <span class='ocr_line' id='line_1_87' title="bbox 1298 2010 2182 2043; baseline -0.002 -9"><span class='ocrx_word' id='word_1_734' title='bbox 1298 2010 1372 2041; x_wconf 88' lang='lat' dir='ltr'>Vite,</span> <span class='ocrx_word' id='word_1_735' title='bbox 1391 2019 1443 2034; x_wconf 88' lang='lat' dir='ltr'>con</span> <span class='ocrx_word' id='word_1_736' title='bbox 1463 2012 1648 2036; x_wconf 84' lang='lat' dir='ltr'>adattamenti</span> <span class='ocrx_word' id='word_1_737' title='bbox 1669 2011 1755 2035; x_wconf 87' lang='lat' dir='ltr'>locali</span> <span class='ocrx_word' id='word_1_738' title='bbox 1777 2011 1867 2042; x_wconf 90' lang='lat' dir='ltr'>(come</span> <span class='ocrx_word' id='word_1_739' title='bbox 1881 2019 1929 2042; x_wconf 90' lang='lat' dir='ltr'>per</span> <span class='ocrx_word' id='word_1_740' title='bbox 1948 2011 2081 2043; x_wconf 88' lang='lat' dir='ltr'>esempio,</span> <span class='ocrx_word' id='word_1_741' title='bbox 2102 2010 2128 2034; x_wconf 88' lang='lat' dir='ltr'>le</span> <span class='ocrx_word' id='word_1_742' title='bbox 2143 2010 2182 2033; x_wconf 78' lang='lat' dir='ltr'>vi-</span> 
     </span>
     <span class='ocr_line' id='line_1_88' title="bbox 1297 2052 2183 2085; baseline -0.001 -9"><span class='ocrx_word' id='word_1_743' title='bbox 1297 2054 1350 2076; x_wconf 89' lang='lat' dir='ltr'>site</span> <span class='ocrx_word' id='word_1_744' title='bbox 1368 2053 1533 2085; x_wconf 85' lang='lat' dir='ltr'>periodiche</span> <span class='ocrx_word' id='word_1_745' title='bbox 1552 2053 1718 2077; x_wconf 83' lang='lat' dir='ltr'>dell’abbate</span> <span class='ocrx_word' id='word_1_746' title='bbox 1738 2054 1765 2077; x_wconf 91' lang='lat' dir='ltr'>ai</span> <span class='ocrx_word' id='word_1_747' title='bbox 1785 2053 1948 2081; x_wconf 81' lang='lat' dir='ltr'>monasteri,</span> <span class='ocrx_word' id='word_1_748' title='bbox 1962 2054 1990 2076; x_wconf 91' lang='lat' dir='ltr'>di</span> <span class='ocrx_word' id='word_1_749' title='bbox 2004 2054 2049 2076; x_wconf 94' lang='lat' dir='ltr'>cui</span> <span class='ocrx_word' id='word_1_750' title='bbox 2065 2054 2087 2076; x_wconf 88' lang='lat' dir='ltr'>si</span> <span class='ocrx_word' id='word_1_751' title='bbox 2103 2052 2183 2084; x_wconf 85' lang='lat' dir='ltr'>parla</span> 
     </span>
     <span class='ocr_line' id='line_1_89' title="bbox 1297 2095 2182 2126; baseline -0.001 -8"><span class='ocrx_word' id='word_1_752' title='bbox 1297 2095 1326 2118; x_wconf 90' lang='lat' dir='ltr'>in</span> <span class='ocrx_word' id='word_1_753' title='bbox 1347 2095 1428 2118; x_wconf 89' lang='lat' dir='ltr'>molti</span> <span class='ocrx_word' id='word_1_754' title='bbox 1452 2095 1635 2126; x_wconf 83' lang='lat' dir='ltr'>documenti),</span> <span class='ocrx_word' id='word_1_755' title='bbox 1660 2096 1847 2119; x_wconf 82' lang='lat' dir='ltr'>adattamenti</span> <span class='ocrx_word' id='word_1_756' title='bbox 1874 2095 2044 2118; x_wconf 83' lang='lat' dir='ltr'>tramandati</span> <span class='ocrx_word' id='word_1_757' title='bbox 2071 2102 2085 2118; x_wconf 90' lang='lat' dir='ltr'>a</span> <span class='ocrx_word' id='word_1_758' title='bbox 2105 2100 2182 2117; x_wconf 88' lang='lat' dir='ltr'>voce.</span> 
     </span>
     <span class='ocr_line' id='line_1_90' title="bbox 1295 2136 2183 2162; baseline -0.001 -2"><span class='ocrx_word' id='word_1_759' title='bbox 1295 2136 1500 2162; x_wconf 79' lang='lat' dir='ltr'>Nell&#39;archivio</span> <span class='ocrx_word' id='word_1_760' title='bbox 1519 2137 1594 2161; x_wconf 85' lang='lat' dir='ltr'>della</span> <span class='ocrx_word' id='word_1_761' title='bbox 1614 2137 1776 2162; x_wconf 87' lang='lat' dir='ltr'>Cattedrale</span> <span class='ocrx_word' id='word_1_762' title='bbox 1796 2138 1823 2162; x_wconf 90' lang='lat' dir='ltr'>di</span> <span class='ocrx_word' id='word_1_763' title='bbox 1839 2137 1984 2161; x_wconf 86' lang='lat' dir='ltr'>Monreale</span> <span class='ocrx_word' id='word_1_764' title='bbox 2004 2137 2028 2160; x_wconf 90' lang='lat' dir='ltr'>si</span> <span class='ocrx_word' id='word_1_765' title='bbox 2048 2142 2183 2160; x_wconf 86' lang='lat' dir='ltr'>conserva</span> 
     </span>
     <span class='ocr_line' id='line_1_91' title="bbox 1296 2177 2181 2209; baseline -0.001 -8"><span class='ocrx_word' id='word_1_766' title='bbox 1296 2185 1333 2202; x_wconf 90' lang='lat' dir='ltr'>un</span> <span class='ocrx_word' id='word_1_767' title='bbox 1353 2180 1451 2204; x_wconf 88' lang='lat' dir='ltr'>codice</span> <span class='ocrx_word' id='word_1_768' title='bbox 1469 2179 1543 2203; x_wconf 89' lang='lat' dir='ltr'>delle</span> <span class='ocrx_word' id='word_1_769' title='bbox 1571 2179 1774 2203; x_wconf 78' lang='lat' dir='ltr'>Consuetudines</span> <span class='ocrx_word' id='word_1_770' title='bbox 1800 2180 1994 2209; x_wconf 74' lang='lat' dir='ltr'>cluniacenses,</span> <span class='ocrx_word' id='word_1_771' title='bbox 2018 2178 2140 2202; x_wconf 82' lang='lat' dir='ltr'>secondo</span> <span class='ocrx_word' id='word_1_772' title='bbox 2160 2177 2181 2201; x_wconf 86' lang='lat' dir='ltr'>il</span> 
     </span>
     <span class='ocr_line' id='line_1_92' title="bbox 1295 2219 2183 2253; baseline -0.001 -9"><span class='ocrx_word' id='word_1_773' title='bbox 1295 2224 1369 2248; x_wconf 84' lang='lat' dir='ltr'>testo</span> <span class='ocrx_word' id='word_1_774' title='bbox 1396 2221 1441 2245; x_wconf 90' lang='lat' dir='ltr'>del</span> <span class='ocrx_word' id='word_1_775' title='bbox 1461 2227 1578 2245; x_wconf 85' lang='lat' dir='ltr'>monaco</span> <span class='ocrx_word' id='word_1_776' title='bbox 1603 2221 1745 2245; x_wconf 89' lang='lat' dir='ltr'>Bernardo</span> <span class='ocrx_word' id='word_1_777' title='bbox 1764 2221 1809 2253; x_wconf 78' lang='lat' dir='ltr'>(V.</span> <span class='ocrx_word' id='word_1_778' title='bbox 1828 2221 1977 2249; x_wconf 75' lang='lat' dir='ltr'>HERGOTT,</span> <span class='ocrx_word' id='word_1_779' title='bbox 2003 2221 2080 2245; x_wconf 83' lang='lat' dir='ltr'>Vetus</span> <span class='ocrx_word' id='word_1_780' title='bbox 2104 2219 2183 2244; x_wconf 77' lang='lat' dir='ltr'>disci-</span> 
     </span>
     <span class='ocr_line' id='line_1_93' title="bbox 1291 2262 2183 2296; baseline -0.002 -8"><span class='ocrx_word' id='word_1_781' title='bbox 1291 2265 1370 2295; x_wconf 75' lang='lat' dir='ltr'>plina</span> <span class='ocrx_word' id='word_1_782' title='bbox 1389 2264 1540 2291; x_wconf 74' lang='lat' dir='ltr'>monastica,</span> <span class='ocrx_word' id='word_1_783' title='bbox 1560 2264 1688 2291; x_wconf 76' lang='lat' dir='ltr'>Parisiis.</span> <span class='ocrx_word' id='word_1_784' title='bbox 1710 2263 1785 2294; x_wconf 83' lang='lat'>1726,</span> <span class='ocrx_word' id='word_1_785' title='bbox 1806 2271 1832 2296; x_wconf 90' lang='lat' dir='ltr'>p.</span> <span class='ocrx_word' id='word_1_786' title='bbox 1854 2262 1913 2295; x_wconf 88' lang='lat'>134)</span> <span class='ocrx_word' id='word_1_787' title='bbox 1932 2271 1984 2286; x_wconf 90' lang='lat' dir='ltr'>con</span> <span class='ocrx_word' id='word_1_788' title='bbox 2005 2264 2115 2286; x_wconf 84' lang='lat' dir='ltr'>diversa</span> <span class='ocrx_word' id='word_1_789' title='bbox 2140 2263 2183 2286; x_wconf 89' lang='lat' dir='ltr'>di-</span> 
     </span>
     <span class='ocr_line' id='line_1_94' title="bbox 1296 2303 2182 2338; baseline -0.002 -8"><span class='ocrx_word' id='word_1_790' title='bbox 1296 2307 1459 2338; x_wconf 87' lang='lat' dir='ltr'>sposizione</span> <span class='ocrx_word' id='word_1_791' title='bbox 1487 2306 1532 2329; x_wconf 85' lang='lat' dir='ltr'>dei</span> <span class='ocrx_word' id='word_1_792' title='bbox 1552 2305 1689 2337; x_wconf 82' lang='lat' dir='ltr'>capitoli;</span> <span class='ocrx_word' id='word_1_793' title='bbox 1710 2312 1772 2329; x_wconf 86' lang='lat' dir='ltr'>esso</span> <span class='ocrx_word' id='word_1_794' title='bbox 1792 2303 1806 2328; x_wconf 78' lang='grc' dir='ltr'>ὲ</span> <span class='ocrx_word' id='word_1_795' title='bbox 1826 2305 1870 2329; x_wconf 87' lang='lat' dir='ltr'>del</span> <span class='ocrx_word' id='word_1_796' title='bbox 1891 2305 1984 2329; x_wconf 86' lang='lat' dir='ltr'>secolo</span> <span class='ocrx_word' id='word_1_797' title='bbox 2005 2305 2063 2333; x_wconf 80' lang='lat' dir='ltr'>XII,</span> <span class='ocrx_word' id='word_1_798' title='bbox 2084 2305 2182 2336; x_wconf 87' lang='lat' dir='ltr'>proba-</span> 
     </span>
     <span class='ocr_line' id='line_1_95' title="bbox 1295 2346 2182 2380; baseline -0.002 -8"><span class='ocrx_word' id='word_1_799' title='bbox 1295 2349 1431 2372; x_wconf 86' lang='lat' dir='ltr'>bilmente</span> <span class='ocrx_word' id='word_1_800' title='bbox 1450 2348 1597 2380; x_wconf 79' lang='lat' dir='ltr'>portatovi</span> <span class='ocrx_word' id='word_1_801' title='bbox 1618 2348 1665 2371; x_wconf 89' lang='lat' dir='ltr'>dai</span> <span class='ocrx_word' id='word_1_802' title='bbox 1685 2347 1798 2371; x_wconf 84' lang='lat' dir='ltr'>monaci</span> <span class='ocrx_word' id='word_1_803' title='bbox 1818 2346 1942 2371; x_wconf 87' lang='lat' dir='ltr'>Cavensi</span> <span class='ocrx_word' id='word_1_804' title='bbox 1953 2347 1998 2370; x_wconf 90' lang='lat' dir='ltr'>nel</span> <span class='ocrx_word' id='word_1_805' title='bbox 2022 2347 2094 2380; x_wconf 82' lang='lat'>1176,</span> <span class='ocrx_word' id='word_1_806' title='bbox 2111 2354 2182 2371; x_wconf 87' lang='lat' dir='ltr'>eco-</span> 
     </span>
     <span class='ocr_line' id='line_1_96' title="bbox 1296 2388 2181 2422; baseline -0.002 -8"><span class='ocrx_word' id='word_1_807' title='bbox 1296 2391 1375 2422; x_wconf 87' lang='lat' dir='ltr'>piato</span> <span class='ocrx_word' id='word_1_808' title='bbox 1395 2390 1430 2414; x_wconf 88' lang='lat' dir='ltr'>da</span> <span class='ocrx_word' id='word_1_809' title='bbox 1448 2389 1542 2420; x_wconf 86' lang='lat' dir='ltr'>quello</span> <span class='ocrx_word' id='word_1_810' title='bbox 1568 2389 1617 2413; x_wconf 87' lang='lat' dir='ltr'>che</span> <span class='ocrx_word' id='word_1_811' title='bbox 1636 2389 1669 2412; x_wconf 86' lang='lat' dir='ltr'>da</span> <span class='ocrx_word' id='word_1_812' title='bbox 1689 2389 1783 2420; x_wconf 89' lang='lat' dir='ltr'>Cluny</span> <span class='ocrx_word' id='word_1_813' title='bbox 1804 2388 1866 2413; x_wconf 70' lang='lat' dir='ltr'>reeb</span> <span class='ocrx_word' id='word_1_814' title='bbox 1885 2389 2006 2413; x_wconf 70' lang='lat' dir='ltr'>l&#39;abbate</span> <span class='ocrx_word' id='word_1_815' title='bbox 2019 2397 2068 2413; x_wconf 85' lang='lat' dir='ltr'>san</span> <span class='ocrx_word' id='word_1_816' title='bbox 2085 2389 2181 2413; x_wconf 87' lang='lat' dir='ltr'>Pietro</span> 
     </span>
     <span class='ocr_line' id='line_1_97' title="bbox 1296 2430 2179 2463; baseline -0.001 -7"><span class='ocrx_word' id='word_1_817' title='bbox 1296 2432 1341 2463; x_wconf 90' lang='lat' dir='ltr'>(V.</span> <span class='ocrx_word' id='word_1_818' title='bbox 1359 2430 1484 2460; x_wconf 57' lang='lat' dir='ltr'>Glanum.</span> <span class='ocrx_word' id='word_1_819' title='bbox 1506 2432 1533 2455; x_wconf 90' lang='lat' dir='ltr'>Il</span> <span class='ocrx_word' id='word_1_820' title='bbox 1562 2432 1706 2455; x_wconf 84' lang='lat' dir='ltr'>Tabulario</span> <span class='ocrx_word' id='word_1_821' title='bbox 1725 2432 1755 2455; x_wconf 77' lang='lat' dir='ltr'>cli</span> <span class='ocrx_word' id='word_1_822' title='bbox 1772 2431 1801 2455; x_wconf 88' lang='lat' dir='ltr'>S.</span> <span class='ocrx_word' id='word_1_823' title='bbox 1822 2431 1916 2455; x_wconf 79' lang='lat' dir='ltr'>Maria</span> <span class='ocrx_word' id='word_1_824' title='bbox 1942 2439 2020 2461; x_wconf 81' lang='lat' dir='ltr'>nova,</span> <span class='ocrx_word' id='word_1_825' title='bbox 2040 2431 2179 2461; x_wconf 84' lang='lat' dir='ltr'>Palermo,</span> 
     </span>
     <span class='ocr_line' id='line_1_98' title="bbox 1299 2472 2179 2505; baseline -0.001 -7"><span class='ocrx_word' id='word_1_826' title='bbox 1299 2480 1372 2505; x_wconf 82' lang='lat'>1902,</span> <span class='ocrx_word' id='word_1_827' title='bbox 1400 2481 1424 2505; x_wconf 91' lang='lat' dir='ltr'>p.</span> <span class='ocrx_word' id='word_1_828' title='bbox 1455 2479 1515 2504; x_wconf 76' lang='lat'>135:</span> <span class='ocrx_word' id='word_1_829' title='bbox 1540 2473 1591 2503; x_wconf 63' lang='lat' dir='ltr'>In„</span> <span class='ocrx_word' id='word_1_830' title='bbox 1610 2474 1640 2497; x_wconf 85' lang='lat' dir='ltr'>in</span> <span class='ocrx_word' id='word_1_831' title='bbox 1667 2473 1781 2498; x_wconf 83' lang='lat' dir='ltr'>Arch.</span> <span class='ocrx_word' id='word_1_832' title='bbox 1806 2473 1946 2497; x_wconf 84' lang='lat' dir='ltr'>storico</span> <span class='ocrx_word' id='word_1_833' title='bbox 1969 2472 2179 2501; x_wconf 70' lang='lat' dir='ltr'>siciliam,</span> 
     </span>
     <span class='ocr_line' id='line_1_99' title="bbox 1298 2514 1596 2547; baseline -0.003 -8"><span class='ocrx_word' id='word_1_834' title='bbox 1298 2522 1375 2546; x_wconf 82' lang='lat'>1900,</span> <span class='ocrx_word' id='word_1_835' title='bbox 1395 2522 1441 2547; x_wconf 86' lang='lat' dir='ltr'>pp.</span> <span class='ocrx_word' id='word_1_836' title='bbox 1464 2514 1596 2546; x_wconf 79' lang='lat'>163-183).</span> 
     </span>
    </p>

    <p class='ocr_par' dir='ltr' id='par_1_23' title="bbox 1296 2555 2181 2754">
     <span class='ocr_line' id='line_1_100' title="bbox 1383 2555 2181 2585; baseline 0 -4"><span class='ocrx_word' id='word_1_837' title='bbox 1383 2555 1393 2572; x_wconf 79' lang='lat'>³</span> <span class='ocrx_word' id='word_1_838' title='bbox 1407 2557 1433 2581; x_wconf 91' lang='lat' dir='ltr'>S.</span> <span class='ocrx_word' id='word_1_839' title='bbox 1446 2556 1599 2581; x_wconf 87' lang='lat' dir='ltr'>Attanasio</span> <span class='ocrx_word' id='word_1_840' title='bbox 1613 2556 1688 2581; x_wconf 84' lang='lat' dir='ltr'>nella</span> <span class='ocrx_word' id='word_1_841' title='bbox 1699 2556 1766 2580; x_wconf 84' lang='lat' dir='ltr'>Vita</span> <span class='ocrx_word' id='word_1_842' title='bbox 1780 2557 1808 2580; x_wconf 91' lang='lat' dir='ltr'>di</span> <span class='ocrx_word' id='word_1_843' title='bbox 1824 2557 2038 2585; x_wconf 82' lang='lat' dir='ltr'>sant&#39;Antonio,</span> <span class='ocrx_word' id='word_1_844' title='bbox 2053 2557 2181 2581; x_wconf 87' lang='lat' dir='ltr'>versione</span> 
     </span>
     <span class='ocr_line' id='line_1_101' title="bbox 1297 2598 2180 2630; baseline 0.001 -8"><span class='ocrx_word' id='word_1_845' title='bbox 1297 2599 1324 2622; x_wconf 86' lang='lat' dir='ltr'>di</span> <span class='ocrx_word' id='word_1_846' title='bbox 1344 2599 1370 2622; x_wconf 91' lang='lat' dir='ltr'>S.</span> <span class='ocrx_word' id='word_1_847' title='bbox 1381 2598 1547 2623; x_wconf 88' lang='lat' dir='ltr'>Girolamo:</span> <span class='ocrx_word' id='word_1_848' title='bbox 1562 2599 1576 2612; x_wconf 83' lang='lat'>“</span> <span class='ocrx_word' id='word_1_849' title='bbox 1586 2598 1624 2622; x_wconf 91' lang='lat' dir='ltr'>Ut</span> <span class='ocrx_word' id='word_1_850' title='bbox 1634 2598 1668 2622; x_wconf 78' lang='lat' dir='ltr'>ad</span> <span class='ocrx_word' id='word_1_851' title='bbox 1687 2600 1746 2623; x_wconf 88' lang='lat' dir='ltr'>eius</span> <span class='ocrx_word' id='word_1_852' title='bbox 1761 2599 1978 2622; x_wconf 82' lang='lat' dir='ltr'>aemulationem</span> <span class='ocrx_word' id='word_1_853' title='bbox 1993 2600 2074 2630; x_wconf 82' lang='lat' dir='ltr'>atque</span> <span class='ocrx_word' id='word_1_854' title='bbox 2087 2606 2180 2623; x_wconf 85' lang='lat' dir='ltr'>exem-</span> 
     </span>
     <span class='ocr_line' id='line_1_102' title="bbox 1296 2641 2179 2673; baseline 0 -9"><span class='ocrx_word' id='word_1_855' title='bbox 1296 2641 1367 2673; x_wconf 76' lang='lat' dir='ltr'>“pla</span> <span class='ocrx_word' id='word_1_856' title='bbox 1387 2642 1536 2665; x_wconf 78' lang='lat' dir='ltr'>Instituere</span> <span class='ocrx_word' id='word_1_857' title='bbox 1566 2641 1694 2671; x_wconf 80' lang='lat' dir='ltr'>possitis,</span> <span class='ocrx_word' id='word_1_858' title='bbox 1712 2642 1771 2664; x_wconf 89' lang='lat' dir='ltr'>scio</span> <span class='ocrx_word' id='word_1_859' title='bbox 1800 2641 1877 2664; x_wconf 86' lang='lat' dir='ltr'>enirn</span> <span class='ocrx_word' id='word_1_860' title='bbox 1896 2641 1954 2664; x_wconf 87' lang='lat' dir='ltr'>eius</span> <span class='ocrx_word' id='word_1_861' title='bbox 1975 2648 2025 2664; x_wconf 87' lang='lat' dir='ltr'>vos</span> <span class='ocrx_word' id='word_1_862' title='bbox 2051 2642 2179 2672; x_wconf 86' lang='lat' dir='ltr'>proposi-</span> 
     </span>
     <span class='ocr_line' id='line_1_103' title="bbox 1299 2682 2180 2714; baseline 0 -8"><span class='ocrx_word' id='word_1_863' title='bbox 1299 2682 1310 2694; x_wconf 78' lang='grc'>“</span> <span class='ocrx_word' id='word_1_864' title='bbox 1324 2685 1381 2706; x_wconf 86' lang='lat' dir='ltr'>tum</span> <span class='ocrx_word' id='word_1_865' title='bbox 1407 2690 1507 2714; x_wconf 87' lang='lat' dir='ltr'>cupere</span> <span class='ocrx_word' id='word_1_866' title='bbox 1529 2683 1655 2713; x_wconf 74' lang='lat' dir='ltr'>sectari„</span> <span class='ocrx_word' id='word_1_867' title='bbox 1676 2683 1801 2714; x_wconf 78' lang='lat' dir='ltr'>(MrGNE,</span> <span class='ocrx_word' id='word_1_868' title='bbox 1822 2683 1927 2707; x_wconf 84' lang='lat' dir='ltr'>Patrol.</span> <span class='ocrx_word' id='word_1_869' title='bbox 1947 2684 2034 2711; x_wconf 67' lang='lat' dir='ltr'>latin„</span> <span class='ocrx_word' id='word_1_870' title='bbox 2053 2682 2180 2711; x_wconf 87' lang='lat' dir='ltr'>LXXIII,</span> 
     </span>
     <span class='ocr_line' id='line_1_104' title="bbox 1296 2724 1438 2754; baseline 0 -6"><span class='ocrx_word' id='word_1_871' title='bbox 1296 2725 1350 2748; x_wconf 87' lang='lat' dir='ltr'>col.</span> <span class='ocrx_word' id='word_1_872' title='bbox 1368 2724 1438 2754; x_wconf 80' lang='lat'>216).</span> 
     </span>
    </p>

    <p class='ocr_par' dir='ltr' id='par_1_24' title="bbox 1299 2765 2180 2882">
     <span class='ocr_line' id='line_1_105' title="bbox 1383 2765 2180 2797; baseline 0 -7"><span class='ocrx_word' id='word_1_873' title='bbox 1383 2766 1393 2781; x_wconf 80' lang='lat'><strong>⁴</strong></span> <span class='ocrx_word' id='word_1_874' title='bbox 1413 2766 1439 2790; x_wconf 93' lang='lat' dir='ltr'>S.</span> <span class='ocrx_word' id='word_1_875' title='bbox 1453 2765 1604 2790; x_wconf 68' lang='lat' dir='ltr'>Gnsconn</span> <span class='ocrx_word' id='word_1_876' title='bbox 1618 2767 1728 2797; x_wconf 67' lang='lat' dir='ltr'>Moral„</span> <span class='ocrx_word' id='word_1_877' title='bbox 1741 2766 1814 2795; x_wconf 74' lang='lat' dir='ltr'>XXI,</span> <span class='ocrx_word' id='word_1_878' title='bbox 1829 2774 1851 2791; x_wconf 86' lang='lat' dir='ltr'>c.</span> <span class='ocrx_word' id='word_1_879' title='bbox 1868 2773 1893 2791; x_wconf 87' lang='lat'>1:</span> <span class='ocrx_word' id='word_1_880' title='bbox 1911 2766 1923 2779; x_wconf 79' lang='lat'>‘¹</span> <span class='ocrx_word' id='word_1_881' title='bbox 1934 2767 2011 2790; x_wconf 86' lang='lat' dir='ltr'>Ante</span> <span class='ocrx_word' id='word_1_882' title='bbox 2021 2767 2180 2790; x_wconf 81' lang='lat' dir='ltr'>considera-</span> 
     </span>
     <span class='ocr_line' id='line_1_106' title="bbox 1299 2808 2180 2839; baseline 0.001 -8"><span class='ocrx_word' id='word_1_883' title='bbox 1299 2808 1411 2831; x_wconf 77' lang='lat' dir='ltr'>“tionis</span> <span class='ocrx_word' id='word_1_884' title='bbox 1431 2810 1544 2831; x_wconf 86' lang='lat' dir='ltr'>nostrae</span> <span class='ocrx_word' id='word_1_885' title='bbox 1564 2808 1664 2831; x_wconf 91' lang='lat' dir='ltr'>oculos</span> <span class='ocrx_word' id='word_1_886' title='bbox 1690 2808 1914 2839; x_wconf 85' lang='lat' dir='ltr'>praecedentium</span> <span class='ocrx_word' id='word_1_887' title='bbox 1939 2810 2050 2839; x_wconf 83' lang='lat' dir='ltr'>patrum</span> <span class='ocrx_word' id='word_1_888' title='bbox 2069 2810 2180 2832; x_wconf 84' lang='lat' dir='ltr'>senten-</span> 
     </span>
     <span class='ocr_line' id='line_1_107' title="bbox 1299 2849 1930 2882; baseline 0 -9"><span class='ocrx_word' id='word_1_889' title='bbox 1299 2849 1311 2862; x_wconf 81' lang='lat'>“</span> <span class='ocrx_word' id='word_1_890' title='bbox 1324 2850 1388 2878; x_wconf 85' lang='lat' dir='ltr'>tiae,</span> <span class='ocrx_word' id='word_1_891' title='bbox 1408 2851 1487 2880; x_wconf 86' lang='lat' dir='ltr'>quasi</span> <span class='ocrx_word' id='word_1_892' title='bbox 1509 2851 1606 2881; x_wconf 83' lang='lat' dir='ltr'>virgae</span> <span class='ocrx_word' id='word_1_893' title='bbox 1626 2851 1728 2880; x_wconf 87' lang='lat' dir='ltr'>variae,</span> <span class='ocrx_word' id='word_1_894' title='bbox 1750 2852 1930 2882; x_wconf 76' lang='lat' dir='ltr'>ponuntur„.</span> 
     </span>
    </p>

    <p class='ocr_par' dir='ltr' id='par_1_25' title="bbox 1297 2890 2179 2965">
     <span class='ocr_line' id='line_1_108' title="bbox 1383 2890 2179 2924; baseline 0.001 -9"><span class='ocrx_word' id='word_1_895' title='bbox 1383 2890 1394 2907; x_wconf 87' lang='lat'><strong>⁵</strong></span> <span class='ocrx_word' id='word_1_896' title='bbox 1415 2892 1556 2916; x_wconf 62' lang='lat' dir='ltr'>vrci-oms</span> <span class='ocrx_word' id='word_1_897' title='bbox 1573 2891 1612 2915; x_wconf 88' lang='lat'>111</span> <span class='ocrx_word' id='word_1_898' title='bbox 1634 2899 1728 2916; x_wconf 73' lang='lat' dir='ltr'>PAPAE</span> <span class='ocrx_word' id='word_1_899' title='bbox 1753 2893 1877 2924; x_wconf 79' lang='lat' dir='ltr'>Dialogi,</span> <span class='ocrx_word' id='word_1_900' title='bbox 1901 2892 1963 2916; x_wconf 82' lang='lat' dir='ltr'>Lib.</span> <span class='ocrx_word' id='word_1_901' title='bbox 1988 2893 2043 2920; x_wconf 86' lang='lat'>111;</span> <span class='ocrx_word' id='word_1_902' title='bbox 2070 2893 2179 2921; x_wconf 67' lang='lat' dir='ltr'>Misus,</span> 
     </span>
     <span class='ocr_line' id='line_1_109' title="bbox 1297 2931 1762 2965; baseline 0.002 -8"><span class='ocrx_word' id='word_1_903' title='bbox 1297 2933 1375 2957; x_wconf 82' lang='lat' dir='ltr'>Patr.</span> <span class='ocrx_word' id='word_1_904' title='bbox 1395 2935 1453 2964; x_wconf 79' lang='lat' dir='ltr'>lat.‚</span> <span class='ocrx_word' id='word_1_905' title='bbox 1467 2931 1590 2962; x_wconf 83' lang='lat' dir='ltr'>CXLIX,</span> <span class='ocrx_word' id='word_1_906' title='bbox 1610 2933 1665 2958; x_wconf 85' lang='lat' dir='ltr'>col.</span> <span class='ocrx_word' id='word_1_907' title='bbox 1686 2940 1762 2965; x_wconf 86' lang='lat'>1015.</span> 
     </span>
    </p>
   </div>
   <div class='ocr_carea' id='block_1_22' title="bbox 2211 1513 2246 1538">
    <p class='ocr_par' dir='ltr' id='par_1_26' title="bbox 2211 1513 2246 1538">
     <span class='ocr_line' id='line_1_110' title="bbox 2211 1513 2246 1538; baseline 0 -8"><span class='ocrx_word' id='word_1_908' title='bbox 2211 1513 2246 1538; x_wconf 86' lang='lat'>4⁰</span> 
     </span>
    </p>
   </div>
   <div class='ocr_carea' id='block_1_23' title="bbox 2211 1724 2243 1751">
    <p class='ocr_par' dir='ltr' id='par_1_27' title="bbox 2211 1724 2243 1751">
     <span class='ocr_line' id='line_1_111' title="bbox 2211 1724 2243 1751; baseline -0.031 0"><span class='ocrx_word' id='word_1_909' title='bbox 2211 1724 2243 1751; x_wconf 77' lang='lat'>45</span> 
     </span>
    </p>
   </div>
   <div class='ocr_carea' id='block_1_24' title="bbox 2212 1932 2245 1958">
    <p class='ocr_par' dir='ltr' id='par_1_28' title="bbox 2212 1932 2245 1958">
     <span class='ocr_line' id='line_1_112' title="bbox 2212 1932 2245 1958; baseline 0 -7"><span class='ocrx_word' id='word_1_910' title='bbox 2212 1932 2245 1958; x_wconf 80' lang='grc'>50</span> 
     </span>
    </p>
   </div>
   <div class='ocr_carea' id='block_1_25' title="bbox 2211 2143 2242 2168">
    <p class='ocr_par' dir='ltr' id='par_1_29' title="bbox 2211 2143 2242 2168">
     <span class='ocr_line' id='line_1_113' title="bbox 2211 2143 2242 2168; baseline 0 0"><span class='ocrx_word' id='word_1_911' title='bbox 2211 2143 2242 2168; x_wconf 81' lang='grc'>55</span> 
     </span>
    </p>
   </div>
   <div class='ocr_carea' id='block_1_26' title="bbox 2208 2772 2241 2799">
    <p class='ocr_par' dir='ltr' id='par_1_30' title="bbox 2208 2772 2241 2799">
     <span class='ocr_line' id='line_1_114' title="bbox 2208 2772 2241 2799; baseline 0 -8"><span class='ocrx_word' id='word_1_912' title='bbox 2208 2772 2241 2799; x_wconf 83' lang='grc'>70</span> 
     </span>
    </p>
   </div>
  </div>
 </body>
</html>
