2280 3476
304 156 351 191 30
542 125 702 190 VITAE
730 154 990 193 QUATUOR
1017 155 1259 190 PRIORUM
1288 155 1548 192 ABBATUM
1578 156 1884 194 CAVENSIUM

299 297 417 318 verum
443 286 544 318 etiam
569 286 605 317 in
630 297 745 317 earum
770 287 899 318 affectu
922 286 1069 318 solidum
1095 286 1207 318 anime
1232 286 1385 318 habitum
1409 287 1530 326 fixisse,
1554 288 1606 319 vir
1630 288 1836 320 venerabilis
1865 289 1987 321 Petrus
2019 290 2124 322 abbas

301 345 538 382 cognosceret,
561 338 655 370 senio
678 339 746 370 iam
770 339 941 376 defectus,
966 350 1031 370 evo
1054 345 1206 370 maturus
1220 339 1242 377 ¹,
1267 349 1438 371 consensu
1462 341 1634 372 communi
1658 342 1805 373 omnium
1829 342 1974 374 fratrum
1989 343 2123 375 labores

300 403 377 424 suos
401 393 433 424 ei
457 392 615 433 credidit,
639 398 741 434 atque
766 403 842 423 eum
867 391 998 424 eisdem
1021 392 1185 424 fratribus
1208 392 1286 424 loco
1309 402 1371 424 suo
1395 393 1570 434 preposuit
1585 393 1607 424 ².

388 446 424 477 In
449 445 570 477 eodem
595 454 676 476 vero
700 444 899 486 prelationis
923 455 980 476 sue
1005 445 1153 476 culmine
1177 451 1271 477 tante
1295 445 1431 477 virtutis
1452 446 1636 488 splendore
1660 447 1791 488 claruit,
1808 454 1845 479 ut
1867 458 1944 479 cum
1967 449 2126 490 superior

302 505 390 530 esset
415 497 546 536 ordine,
569 504 666 540 gestu
692 504 724 529 et
759 497 868 543 officio
898 499 1010 530 minor
1043 497 1198 530 omnibus
1233 504 1426 540 appareret.
1473 500 1545 532 Sed
1569 506 1602 532 et
1625 500 1863 532 misericordie
1895 501 2031 533 viscera
2059 503 2120 533 illa
2167 502 2184 533 5

299 552 428 588 habuit,
451 551 572 594 quibus
595 561 657 592 pro
681 557 760 582 voto
785 551 932 593 aliquem
956 562 1129 593 nunquam
1153 552 1241 592 lesit,
1263 551 1392 583 nullum
1418 553 1661 590 constristavit,
1686 559 1719 584 et
1742 559 1778 584 ut
1801 553 1886 585 illud
1909 554 2042 596 insigne
2060 555 2126 586 vir-

107 618 232 640 Mun.,231
299 605 379 637 tutis
401 605 472 636 eius
496 604 668 644 extollam,
693 603 857 636 iustorum
882 605 993 636 cultor
1017 610 1050 636 et
1075 603 1313 646 peccatorum'
1337 605 1469 636 amicus
1492 605 1557 637 fuit
1570 604 1592 636 ³.
1637 605 1751 638 Tanta
1775 606 1913 648 quidem
1937 608 2124 650 neglegen-

133 675 152 688 s.
164 675 210 692 jov
300 657 389 690 tibus
412 657 575 688 fratribus
598 656 845 689 benivolentia'
868 656 1082 698 iungebatur,
1106 663 1143 688 ut
1166 657 1239 688 fere
1263 657 1374 688 nullus
1404 658 1434 688 ei
1458 657 1668 692 conscientie
1699 665 1813 690 reatus
1843 665 1987 702 tegeret,
2015 660 2125 691 nullus

300 721 377 742 suas
400 710 634 753 neglegentias
656 710 858 742 occultaret.
905 710 1006 741 Hunc
1031 710 1158 751 quippe
1183 710 1414 742 venerabilem
1438 716 1570 752 patrem
1603 721 1664 752 pro
1696 711 1841 743 mirabili
1864 712 1924 744 illo
1947 722 2007 744 sue
2038 713 2126 744 cari-

298 765 379 796 tatis
403 764 542 802 affectu,
566 773 633 806 quo
658 769 776 805 tegere
801 763 1074 805 delinquentium
1099 762 1219 804 culpas
1242 762 1385 802 solebat,
1410 763 1660 805 operimentum
1677 765 1821 795 fratrum
1838 775 1963 797 vocare
1979 775 2123 797 consue·
2150 765 2187 796 10

301 822 431 848 verant.
478 816 617 848 Revera
639 816 819 848 occultans
843 816 963 848 noxios
988 821 1059 847 erat
1084 821 1118 847 et
1141 816 1258 847 celans
1280 826 1369 853 reos,
1392 822 1430 848 ut
1453 826 1521 854 eos,
1545 827 1632 859 quos
1647 818 1834 858 penitendo
1858 825 2035 861 purgaret,
2050 819 2123 850 sine

300 870 442 902 alicuius
464 870 554 901 fame
580 869 798 906 obscuritate,
829 879 965 910 semper
997 868 1218 900 venerabiles
1253 868 1330 900 aliis
1354 875 1543 901 monstrare
1575 870 1752 911 potuisset.
1798 870 1857 902 Sic
1890 871 2047 902 nimirum
2071 871 2127 913 pie

300 930 425 956 matres
449 922 593 954 filiarum
616 932 723 954 nevos
746 922 964 963 superductis
987 921 1161 953 coloribus
1184 921 1361 953 occultare
1388 921 1511 960 solent,
1534 928 1572 954 ut
1596 932 1724 961 earum,
1747 934 1831 965 quas
1855 923 2015 966 diligunt,
2039 923 2123 955 feda

302 976 438 1013 lateant,
462 975 607 1017 pulchra
638 985 705 1006 non
736 975 877 1006 lateant.
924 974 962 1005 In
986 985 1022 1006 se
1047 973 1185 1017 quidem
1214 975 1406 1016 apostolice
1440 974 1530 1006 illius
1559 975 1756 1008 affectionis
1787 976 1946 1008 virtutem
1977 976 2125 1008 transfu-

130 1043 147 1058 ε.
168 1042 213 1061 31⁷⁰
302 1030 410 1064 derat,
435 1039 501 1070 qua
524 1027 588 1059 etsi
606 1027 721 1070 lingua
738 1033 879 1068 taceret,
897 1027 1075 1059 ministerii
1092 1026 1257 1070 obsequio
1275 1027 1442 1059 diceret:'
1460 1027 1626 1059 Omnibus
1643 1028 1755 1060 omnia
1772 1029 1884 1061 factus
1900 1039 1971 1061 sum
1985 1029 2006 1060 ⁴.
2039 1028 2124 1060 Cum
2152 1028 2189 1060 15

301 1081 448 1115 fortibus
470 1081 608 1123 quidem
634 1081 781 1117 valebat,
799 1081 860 1112 sed
884 1080 1095 1112 fortitudinis
1116 1091 1174 1111 sue
1199 1080 1349 1122 rigorem
1373 1081 1417 1112 ad
1441 1081 1650 1112 infirmorum
1674 1081 1869 1114 roboranda
1891 1082 2045 1114 membra
2061 1082 2129 1113 sol-

301 1135 415 1168 vebat.
460 1133 546 1166 Cum
572 1133 783 1165 ferventibus
806 1133 850 1165 ad
874 1139 994 1165 eterna
1018 1133 1187 1171 currebat,
1210 1134 1272 1164 sed
1298 1139 1335 1165 ut
1351 1135 1468 1166 tardos
1484 1140 1517 1165 et
1532 1134 1668 1175 tepidos
1683 1134 1847 1173 traheret,
1871 1145 1954 1176 sepe
1970 1146 1990 1167 a
2007 1145 2125 1167 cursus

301 1189 352 1221 sui
375 1188 557 1220 velocitate
580 1186 748 1228 torpebat.
791 1186 861 1218 Sed
885 1187 972 1218 inter
996 1193 1044 1218 tot
1069 1193 1102 1218 et
1133 1192 1227 1218 tanta
1255 1187 1415 1218 virtutum
1447 1186 1540 1219 dona
1570 1187 1713 1228 pristine
1745 1188 1943 1220 humilitatis
1975 1195 2008 1220 et
2031 1199 2126 1220 man-

301 1241 487 1274 suetudinis
510 1240 610 1283 vigor
633 1240 680 1271 ita
704 1240 850 1280 duravit,
873 1246 910 1271 ut
933 1245 1011 1271 ante
1036 1239 1193 1271 subditus
1215 1246 1248 1271 et
1272 1246 1392 1281 postea
1415 1246 1509 1272 tante
1533 1240 1758 1272 multitudinis
1781 1241 1933 1282 prelatus
1956 1241 2048 1273 idem
2078 1241 2128 1272 vi-

302 1295 449 1327 deretur.
496 1294 585 1325 Nam
608 1294 717 1335 gradu
743 1299 870 1324 tantum
894 1293 1062 1334 superior,
1085 1298 1183 1335 gestu
1207 1293 1339 1335 equalis
1360 1293 1437 1325 aliis
1459 1293 1658 1335 apparebat.
1705 1293 1802 1325 Illam
1833 1294 1972 1336 quippe,
2002 1305 2068 1336 que
2093 1294 2124 1326 ei
2148 1294 2190 1326 20

302 1358 345 1379 ex
370 1347 488 1379 ordine
513 1345 709 1377 monasterii
743 1345 939 1377 reverentia
974 1345 1175 1383 debebatur,
1198 1345 1245 1376 ita
1268 1345 1417 1383 rennuit,
1441 1351 1478 1377 ut
1501 1346 1608 1388 magis
1642 1346 1706 1377 sibi
1734 1346 1971 1389 indignaretur
1995 1346 2126 1378 exhibi-

136 1418 154 1433 c.
166 1418 212 1436 31»-
301 1407 380 1439 tam,
404 1410 503 1442 quam
529 1398 665 1440 superbi
691 1404 724 1430 et
748 1404 947 1441 arrogantes
971 1398 1089 1430 dolere
1113 1398 1223 1430 solent
1238 1398 1301 1430 sibi
1319 1398 1457 1440 penitus
1480 1399 1696 1441 abnegatam.
1736 1398 1847 1436 Quam
1864 1400 2041 1441 profecto'
2060 1399 2126 1431 vir-

302 1460 407 1486 tutem
430 1458 524 1484 tanto
548 1451 745 1484 dilectionis
767 1462 891 1492 sapore
915 1451 1128 1489 condiverat,
1152 1458 1188 1483 ut
1213 1461 1385 1493 nunquam
1409 1462 1445 1483 se
1474 1452 1640 1492 prelatum
1671 1453 1852 1491 recoleret,
1884 1453 1946 1485 nisi
1979 1452 2128 1485 obstina-

303 1514 413 1540 torum
438 1506 538 1538 valde
562 1505 666 1537 nimia
689 1504 890 1547 improbitas
915 1505 1146 1546 compulisset.
1193 1505 1237 1537 Et
1260 1516 1303 1536 ne
1330 1505 1505 1537 videamur
1529 1506 1637 1537 virum
1663 1506 1775 1538 verbis
1805 1507 1969 1538 malorum
1995 1507 2127 1543 facere,

303 1560 399 1592 multi
423 1559 535 1591 adhuc
559 1560 594 1590 in
618 1558 824 1590 monasterio
847 1564 1040 1599 supersunt,
1065 1558 1132 1599 qui,
1149 1558 1228 1589 dum
1244 1558 1317 1590 eius
1332 1558 1627 1590 conversationem
1652 1558 1818 1596 recolunt,
1835 1559 1869 1590 in
1887 1560 1958 1591 eius
1976 1559 2127 1601 descrip-
2150 1559 2191 1591 25

303 1614 395 1646 tione
421 1623 530 1655 pauca
553 1611 690 1644 omnino
714 1618 816 1654 atque
841 1611 987 1654 indigna
1008 1622 1061 1642 me
1087 1612 1212 1642 dixisse
1236 1611 1450 1643 iudicabunt.

390 1666 462 1698 Sed
485 1672 597 1698 tantus
620 1677 660 1698 ac
685 1665 760 1697 talis
784 1665 835 1696 vir
857 1671 936 1706 post
959 1665 1146 1697 venerandi
1169 1665 1231 1696 viri
1257 1664 1352 1697 Petri
1375 1664 1510 1697 abbatis
1532 1666 1659 1698 obitum
1678 1666 1733 1698 vix
1748 1676 1836 1698 anno
1854 1667 1986 1709 integro
2010 1677 2128 1698 mona-

307 1720 446 1752 sterium
468 1719 590 1756 rexit⁵‚
614 1725 647 1750 et
672 1723 906 1750 consummato
931 1718 1100 1750 laboriose
1125 1718 1223 1750 huius
1246 1718 1315 1750 vite
1341 1728 1441 1749 cursu
1465 1719 1509 1750 ad
1532 1719 1660 1762 gaudia
1684 1726 1803 1751 eterna
1826 1719 1997 1762 migravit.
2045 1718 2125 1756 Quo

306 1780 400 1807 certe
425 1774 469 1805 ad
494 1773 736 1804 emulationem
760 1771 920 1803 virtutum
945 1771 1028 1810 eius,
1054 1771 1206 1812 pluribus
1230 1777 1332 1814 atque
1357 1771 1484 1812 apertis
1508 1772 1643 1804 indiciis
1666 1778 1838 1804 ostensum
1855 1778 1917 1810 est,
1934 1773 2013 1814 quia
2030 1773 2128 1804 nimi-

137 1845 155 1862 ι,
168 1845 215 1864 31r
306 1838 379 1859 rum
404 1825 522 1858 debita
542 1826 655 1857 carnis
679 1831 787 1857 morte
811 1825 1004 1856 subtractus
1028 1831 1090 1863 est,
1113 1825 1174 1856 sed
1199 1825 1341 1856 virtute'
1366 1824 1503 1866 spiritus
1526 1824 1772 1867 discipulorum
1789 1825 2046 1857 necessitatibus
2061 1825 2130 1857 fre·
2151 1826 2193 1857 30

306 1884 449 1922 quenter
473 1877 653 1911 exhibitus.
701 1878 790 1910 Nam
813 1889 832 1909 a
857 1877 1059 1920 quibusdam
1082 1877 1211 1919 perfide
1235 1878 1356 1909 mentis
1373 1877 1568 1910 hominibus
1585 1878 1808 1916 asserebatur,
1833 1879 1914 1921 quia
1930 1878 2128 1910 monasterii

307 1943 376 1964 non
401 1943 522 1974 parvas
545 1943 628 1973 opes
651 1932 818 1973 repositas
842 1931 1026 1968 habuisset,
1051 1941 1133 1973 quas
1157 1931 1190 1962 vi
1214 1931 1333 1962 mortis
1356 1937 1542 1972 preventus
1571 1931 1726 1963 indicare
1758 1942 1972 1973 nequaquam
2004 1937 2126 1973 posset.

307 1987 438 2019 Locum
463 1996 598 2028 quoque
628 1995 665 2017 se
689 1995 787 2026 posse
819 1986 1002 2017 ostendere
1036 1984 1262 2021 mencientes,
1286 1994 1354 2015 non
1386 1984 1493 2016 solum
1527 1984 1649 2023 locum,
1673 1985 1734 2016 sed
1763 1984 1840 2016 loca
1870 1984 2016 2026 plurima
2041 1984 2127 2016 celle

307 2040 378 2071 eius
402 2040 524 2071 fodere
549 2044 724 2080 ceperunt.
768 2038 921 2079 Cumque
949 2038 1015 2069 iam
1039 2038 1120 2069 satis
1145 2037 1318 2069 defossum
1344 2044 1442 2073 esset.
1471 2044 1504 2069 et
1527 2037 1682 2069 invenire
1712 2037 1761 2069 nil
1795 2043 1945 2079 possent,
1979 2037 2127 2079 quadam

308 2099 407 2124 nocte
431 2092 629 2123 venerando
654 2092 727 2123 viro
750 2090 865 2122 abbati
900 2090 1060 2134 Symeoni
1095 2090 1264 2132 apparuit,
1297 2091 1397 2133 eique
1430 2090 1531 2122 dixit:
1567 2091 1640 2123 Deo
1663 2096 1762 2128 teste,
1794 2091 1901 2122 nichil
1925 2090 2069 2132 amplius
2092 2090 2128 2121 in
2151 2088 2192 2121 35

309 2147 396 2179 cella
420 2146 493 2183 fuit,
519 2146 582 2177 nisi
606 2150 767 2187 quantum
791 2143 978 2175 invenistis.
1024 2142 1107 2175 Post
1130 2144 1195 2175 hec
1212 2149 1322 2174 autem
1339 2142 1443 2174 verba
1460 2154 1535 2174 eum
1552 2144 1774 2175 vehementer
1797 2143 2017 2186 redarguens,
2035 2143 2129 2185 quod

307 2198 415 2231 stultis
440 2198 634 2229 hominibus
656 2207 836 2239 perperam
861 2196 1074 2237 credidisset,
1103 2206 1247 2238 querere
1270 2196 1304 2226 in
1328 2206 1451 2227 vanum
1476 2207 1551 2227 eum
1569 2196 1656 2228 ultra
1672 2196 1857 2238 prohibuit.
1905 2196 2032 2238 Sicque
2049 2195 2130 2227 satis

139 2270 158 2285 c.
171 2270 221 2288 3110
309 2258 480 2284 ostensum
502 2257 562 2290 est,
586 2251 664 2293 quia
687 2261 751 2292 pro
775 2249 939 2281 solvendo
963 2249 1074 2280 carnis
1098 2248 1213 2281 debito
1231 2248 1342 2286 obiit‚'
1359 2249 1419 2281 sed
1436 2249 1601 2290 promisso
1618 2259 1759 2280 munere
1777 2248 2020 2290 Redemptoris
2036 2247 2128 2279 vivit.

393 2304 563 2336 Iohannes
586 2304 688 2335 etiam
713 2302 757 2343 [a]
782 2301 957 2334 Genusia⁶
980 2311 1139 2344 magnum
1165 2302 1207 2333 de
1227 2311 1267 2333 eo
1292 2302 1379 2333 solet
1395 2312 1534 2333 narrare
1551 2301 1761 2333 miraculum.
1806 2301 1894 2332 Nam
1911 2301 2058 2343 quadam
2075 2300 2131 2332 die

308 2369 383 2390 cum
405 2363 502 2389 extra
524 2356 764 2388 monasterium
790 2355 824 2386 in
848 2355 995 2397 quadam
1021 2354 1107 2386 cella
1132 2364 1271 2386 manere
1294 2354 1478 2393 iuberetur,
1503 2354 1694 2386 devotionis
1717 2355 1867 2392 fervore,
1891 2363 1959 2396 quo
1984 2353 2016 2384 in
2035 2353 2129 2385 clau·
2153 2353 2194 2385 40

399 2513 405 2530 ¹
428 2514 555 2545 Vanum,
577 2513 697 2541 Aeneid..
718 2512 763 2541 IV,
792 2520 836 2544 73:
859 2512 952 2537 “Aevi
979 2514 1104 2537 maturus
1124 2513 1194 2536 Ace·
1334 2511 1344 2528 ³
1362 2512 1455 2542 Lrvn,
1475 2512 1521 2542 IX,
1542 2511 1582 2544 46,
1598 2511 1716 2536 “cultor
1735 2512 1872 2536 bonorum
1885 2520 1916 2543 „z
1931 2511 2074 2536 Cxcmon.
2089 2512 2132 2535 De

314 2557 393 2580 “stes
406 2573 430 2587 Π.
1255 2556 1312 2588 Off„
1335 2555 1355 2584 Ι,
1374 2562 1419 2586 30:
1442 2555 1601 2578 “Veritatis
1621 2555 1752 2583 cultores,
1774 2554 1880 2578 fraudis
1901 2554 2013 2577 inimici
2027 2571 2050 2583 η.

399 2598 408 2613 '²
430 2599 468 2622 La
489 2599 553 2622 (lata
574 2598 601 2621 di
623 2600 719 2628 questa
738 2597 873 2626 elezione,
893 2597 965 2620 oltre
985 2597 1035 2620 che
1049 2597 1095 2620 dai
1111 2598 1193 2620 doen·
1336 2596 1344 2609 ⁴
1364 2597 1374 2620 1
1398 2598 1523 2626 Corinth,
1542 2595 1588 2620 IX.
1609 2603 1650 2620 22.

312 2643 408 2669 menti,
422 2641 492 2664 dove
507 2648 554 2663 san
571 2640 736 2664 Constabile
749 2638 762 2662 ὲ
777 2639 917 2663 chiamato
930 2640 1016 2662 Ablms
1029 2640 1193 2668 constitm'us,
1335 2638 1345 2653 5
1364 2637 1435 2663 Cloe
1454 2639 1499 2662 dal
1521 2647 1535 2669 4
1556 2646 1650 2662 marzo
1681 2645 1748 2670 1¹²3
1775 2639 1801 2661 al
1835 2644 1863 2668 17
1896 2638 2024 2661 febbraio
2057 2643 2131 2667 ¹1²4·
2163 2637 2192 2663 15

268 2689 281 2714 5
311 2682 325 2707 *c
347 2684 495 2714 registrata
517 2682 593 2713 negli
613 2682 731 2705 Annales
753 2682 903 2705 cartenses:
927 2680 1002 2705 1118.
1043 2681 1054 2693 “
1065 2681 1099 2704 Et
1119 2688 1194 2704 nono
1248 2681 1366 2704 Annales
1383 2681 1515 2704 Cavenses
1533 2678 1574 2711 (C.
1595 2680 1628 2703 D.
1650 2680 1679 2703 C.
1695 2680 1727 2709 V,
1740 2679 1814 2711 App.
1827 2688 1853 2712 p.
1868 2678 2007 2709 42):1124
2024 2678 2133 2701 “Dom-

314 2726 382 2749 “die
403 2726 494 2749 stante
515 2732 606 2747 mense
626 2725 707 2748 iunio
728 2724 846 2747 domnus
861 2724 959 2747 Petrus
979 2723 1062 2746 abbas
1083 2723 1147 2746 dum
1159 2722 1194 2746 ad
1251 2724 1261 2735 ‘⁴
1275 2730 1327 2746 nus
1346 2722 1524 2746 Constabilis
1544 2722 1627 2745 huius
1647 2722 1816 2745 monasterii
1835 2728 1857 2746 s.
1877 2721 2029 2744 Trinitatis
2047 2720 2132 2747 abbas

315 2767 494 2798 “capitulum
523 2766 675 2789 secundum
705 2766 935 2788 cousuetudinem
966 2765 1075 2788 veniret
1100 2765 1194 2787 subito
1250 2766 1262 2778 “
1273 2765 1357 2788 obiit.
1395 2764 1430 2788 Et
1450 2764 1571 2787 domnus
1591 2762 1704 2787 Simeon
1726 2763 1896 2787 venerabilis
1919 2763 2005 2792 abbas
2025 2763 2050 2787 ei
2070 2769 2130 2786 suc-

313 2810 325 2822 “
338 2811 367 2833 in
387 2809 478 2832 extasi
499 2808 590 2831 faetus
610 2809 659 2836 est,
684 2808 725 2830 ita
745 2810 775 2831 ut
796 2809 942 2838 putaretur
962 2806 1112 2830 defunctus
1127 2813 1194 2836 esse,
1249 2806 1259 2818 ‘¹
1271 2805 1354 2828 cessit
1366 2823 1388 2835 „.
1405 2805 1511 2828 rVecrol.
1533 2805 1618 2828 renos.
1633 2804 1690 2834 cit„
1706 2805 1756 2827 xiii
1770 2803 1832 2828 Kal.
1845 2804 1941 2829 Mam:
1956 2802 1967 2814 ⁴¹
1981 2803 2130 2834 Depositio

316 2850 366 2874 “et
386 2851 484 2874 statim
503 2850 562 2873 Deo
583 2851 615 2873 ad
637 2852 758 2873 mentem
785 2850 880 2872 rediit.
918 2848 951 2872 Et
978 2849 1095 2871 domnus
1117 2846 1192 2871 Con·
1249 2847 1369 2873 “domni
1391 2845 1570 2873 Constabilis
1588 2846 1698 2871 abbatis
1711 2865 1732 2877 ,‚.
2161 2848 2194 2866 20

254 2901 286 2920 10
315 2893 452 2916 “stabilis
472 2893 506 2915 ab
525 2892 587 2923 ipso
613 2892 781 2915 hon-dinatus
807 2892 848 2914 est
869 2891 963 2917 abbas,
991 2896 1055 2913 xvu
1075 2890 1121 2913 die
1152 2890 1195 2918 in·
1335 2886 1345 2902 ὅ
1365 2887 1473 2912 Ginosa
1495 2888 1569 2911 nella
1589 2888 1737 2920 provincia
1757 2888 1784 2912 di
1807 2887 1940 2911 'Taranta

314 2935 325 2946 “
339 2936 432 2963 trante
453 2941 544 2961 mense
564 2934 699 2964 octobri„
721 2934 763 2967 (C.
786 2934 820 2957 D.
843 2933 880 2962 C„
902 2932 933 2964 V,
956 2934 1028 2964 App.
1048 2939 1074 2965 p.
1095 2930 1149 2964 40).
