2300 3554
89 535 108 568 5

73 801 111 833 10

131 642 323 685 deputaret.

365 191 528 228 VITAE
556 192 817 232 QUATUOR
849 192 1088 229 PRIORUM
1122 193 1379 229 AssssATUM
1408 193 1718 230 CAVENSIUM

128 324 299 367 scriptura
322 325 475 368 loquitur
499 324 640 357 dicens:
674 325 744 357 Leo
778 325 982 357 fortissimus
1017 324 1199 357 bestiarum
1235 326 1279 357 ad
1315 325 1439 357 nullius
1470 325 1606 366 pavebit
1630 335 1810 357 occursum
1828 325 1846 358 ¹.

130 388 213 421 ergo
238 378 376 410 Domini
398 378 626 421 significatum
650 378 701 409 sui
726 378 875 409 nominis
892 379 1015 410 virtute
1041 388 1163 421 magne
1180 379 1370 410 constantie
1388 379 1582 410 exhibebat.

1914 195 1955 228 13

1895 326 1958 358 Vir

1630 379 1765 420 Pauper
1788 379 1956 421 siquidem

131 430 243 469 rebus,
267 431 403 464 celestis
425 430 620 473 patrimonii
645 431 808 463 desiderii
833 431 941 468 dives,
966 431 1065 463 huius
1089 432 1206 463 mundi
1231 431 1395 464 divitibus
1419 438 1513 463 tanto
1543 431 1680 463 liberius
1704 431 1872 464 obsistere
1897 442 1957 474 po-

131 489 229 521 terat,
253 489 382 526 quanto
405 484 440 516 in
464 484 605 521 mundo,
628 493 730 526 quem
755 494 822 515 non
847 485 993 521 amabat,
1017 483 1165 526 perdere
1191 485 1237 516 nil
1262 485 1446 516 metuebat.

221 537 354 569 Eodem
378 547 525 580 namque
549 543 716 579 tempore,
741 543 947 569 memoratus
971 537 1134 579 princeps
1157 544 1280 569 contra
1305 537 1528 569 Amalfitanos
1560 537 1682 569 bellum
1709 545 1861 569 moverat
1876 538 1898 576 ',
1923 538 1958 569 in

133 599 218 632 quos
241 589 288 622 ita
310 590 422 622 sevire
447 590 539 622 visus
561 595 623 629 est,
654 596 690 622 ut
721 600 945 632 quoscunque
976 601 1017 621 ex
1050 590 1100 622 eis
1131 596 1284 631 caperet,
1316 591 1448 632 magnis
1479 597 1724 622 tormentorum
1749 591 1959 623 cruciatibus

372 642 462 681 Quis
485 652 569 675 vero
592 643 768 685 explicare
792 643 948 680 sufficiat,
972 642 1078 684 pater'
1103 643 1310 675 venerabilis
1334 643 1416 675 Leo'
1440 650 1565 685 quanta
1583 650 1663 675 tunc
1685 645 1796 685 captis
1812 645 1959 676 auctori-

131 700 212 734 tate,
245 700 374 738 quanta
406 694 616 728 liberalitate
650 695 869 732 succurrerit,
894 707 995 738 quam
1033 695 1174 738 largiter
1207 702 1404 727 carceratos
1439 696 1586 737 paverit,
1617 697 1779 738 spoliatos
1803 697 1961 733 induerit,

132 747 266 781 vinctos
288 748 486 787 absolverit,
510 754 617 781 tortos
637 748 775 787 eruerit,
800 755 901 791 atque
926 760 944 780 a
969 749 1084 780 vicina
1119 749 1347 780 membrorum
1379 749 1608 790 amputatione
1634 749 1852 782 liberaverit?

223 800 311 834 Nam
336 806 432 834 tanta
456 800 614 834 libertate
637 812 700 844 pro
723 802 784 840 eis,
800 802 858 843 qui
881 802 926 833 ad
951 812 1058 842 penas
1072 801 1290 833 ducebantur
1306 801 1417 832 eidem
1443 801 1589 843 principi
1614 801 1753 840 obstitit,
1777 808 1813 833 ut
1836 812 1895 833 eos
1918 803 1960 834 ab

133 854 217 896 ipsis
239 853 450 886 cruciatibus
473 853 643 886 violenter
666 854 832 892 auferret,
855 861 958 896 atque
983 864 1049 886 non
1075 855 1182 886 iussus
1205 853 1411 886 absolveret.

223 903 386 944 Quadam
409 916 546 949 nanque
571 906 639 943 die,
663 907 745 938 dum
769 907 813 939 ad
838 915 988 939 mensam
1013 916 1091 938 cum
1124 906 1287 938 fratribus
1310 906 1458 943 sederet,
1482 906 1586 938 tristis
1610 907 1746 938 nuntius
1771 908 1879 943 affuit,
1903 909 1960 949 qui

133 959 334 992 venerando
357 959 432 991 viro
456 965 524 991 tres
548 959 706 992 homines
730 959 857 1001 privari
882 959 1010 991 lumine
1034 961 1143 991 iussos
1167 971 1185 990 a
1210 959 1369 1001 principe
1394 959 1561 991 indicavit
1573 958 1593 991 ⁸.

134 1012 334 1044 exclamans
356 1011 535 1044 subiunxit
557 1012 692 1045 dicens:
719 1012 840 1051 Curre,
864 1019 973 1054 pater,
997 1022 1109 1050 curre,
1126 1012 1207 1054 quia
1229 1012 1295 1043 iarn
1313 1011 1424 1043 miseri
1449 1013 1694 1054 producuntur.

1640 959 1682 991 Et
1706 959 1837 991 eiulans
1859 966 1962 1003 atque

1741 1013 1840 1045 Tunc
1858 1013 1962 1055 pater'

75 1064 111 1097 15
135 1064 343 1098 venerabilis
366 1076 385 1097 a
408 1075 527 1096 mensa
557 1075 713 1108 surgens,
737 1071 769 1097 et
794 1065 886 1098 velut
917 1066 1005 1098 alter
1035 1064 1165 1098 Tobias
1196 1065 1376 1106 prandium
1408 1065 1583 1102 deserens,
1615 1065 1793 1097 Salernum
1825 1067 1962 1098 concito

137 1118 270 1162 gradu⁴
294 1118 459 1160 perrexit,
484 1123 519 1150 et
540 1118 608 1150 iam
632 1119 724 1150 viros
746 1118 825 1150 illos
855 1124 952 1150 extra
976 1118 1152 1150 civitatem
1184 1119 1374 1160 productos
1406 1118 1594 1155 inveniens,
1619 1119 1728 1150 tenuit
1751 1125 1784 1150 et
1810 1118 1963 1160 absolvit,

71 1331 114 1364 20

137 1177 240 1214 atque
263 1171 359 1204 abire
382 1171 512 1204 liberos
535 1171 640 1204 iussit.

137 1225 287 1257 reddere
310 1224 475 1257 rationem
500 1224 666 1266 promisit.

685 1171 841 1214 Cumque
857 1172 1041 1204 carnifices
1063 1171 1288 1203 vehementer
1311 1171 1480 1209 timerent,
1497 1171 1570 1213 ipse
1594 1182 1656 1213 pro
1681 1172 1730 1203 eis
1753 1182 1788 1203 se
1814 1173 1962 1213 principi

714 1225 819 1263 Quod
843 1226 1003 1266 profecto
1028 1224 1193 1261 exhibuit,
1210 1223 1288 1267 quia
1312 1234 1359 1261 se,
1377 1230 1413 1255 ut
1430 1224 1526 1262 dixit,
1543 1225 1664 1256 vadem
1688 1235 1749 1266 pro
1767 1226 1815 1256 eis
1831 1225 1964 1264 obtulit,

137 1278 200 1310 sed
223 1277 267 1310 de
291 1277 510 1316 crudelitate,
533 1288 635 1320 quam
658 1278 691 1308 in
717 1277 845 1310 Christi
870 1278 990 1310 fideles
1014 1277 1210 1314 exercebat,
1237 1288 1304 1310 non
1323 1283 1359 1308 ut
1383 1277 1486 1308 vades
1510 1287 1674 1319 penarum
1690 1277 1712 1315 ⁵,
1739 1278 1799 1309 sed
1823 1285 1859 1309 ut
1876 1285 1964 1310 tutor

136 1331 263 1364 iustitie
286 1330 509 1364 vehementer
531 1330 736 1372 increpavit.

783 1330 847 1363 Cui
872 1331 976 1362 etiam
999 1330 1187 1373 aliquando
1211 1330 1422 1372 indignanti,
1444 1336 1478 1362 et
1502 1330 1661 1372 superbie
1693 1337 1822 1362 tumore
1847 1331 1965 1363 salutis

137 1383 267 1416 monita
290 1384 561 1426 contempnenti,
583 1383 799 1416 crudelitatis
821 1394 880 1416 sue
904 1384 1061 1415 meritum
1085 1394 1146 1425 per
1170 1383 1353 1425 prophetie
1378 1383 1534 1424 spiritum
1558 1383 1804 1424 pronuntiavit,
1826 1383 1962 1416 dicens:

136 1436 206 1470 Pro
231 1436 438 1469 crudelitate
461 1442 519 1469 tua
541 1442 621 1479 post
643 1447 764 1478 parum
788 1436 963 1478 temporis'
989 1436 1089 1468 huius
1111 1441 1204 1468 terre
1228 1436 1385 1467 dominus
1407 1445 1475 1467 non
1498 1436 1564 1466 eris
1577 1434 1598 1466 ⁶.

139 1500 221 1533 ceps
244 1489 408 1530 audisset,
423 1489 548 1527 timuit,
572 1490 635 1522 sed
659 1495 774 1522 tamen
798 1490 970 1522 feritatem
994 1500 1088 1521 suam
1114 1499 1181 1521 non
1205 1489 1352 1530 reliquit.

138 1543 248 1576 minas
271 1549 433 1587 expertus
456 1549 517 1576 est.

1646 1435 1751 1473 Quod
1768 1446 1844 1467 cum
1870 1437 1964 1478 prin-

1400 1489 1500 1520 Unde
1527 1498 1593 1520 non
1618 1489 1787 1521 immerito
1812 1489 1874 1520 viri
1900 1490 1962 1521 Dei

563 1543 644 1576 Post
668 1553 738 1576 non
761 1543 904 1575 multum
928 1543 1078 1586 denique
1103 1549 1247 1584 tempus,
1265 1542 1481 1574 Salernitana
1506 1543 1649 1575 civitate
1666 1553 1685 1573 a
1704 1543 1859 1575 Roberto
1876 1544 1964 1575 duce

75 1595 116 1629 25
140 1596 281 1630 obsessa
303 1603 338 1630 et
359 1602 472 1639 capta,
496 1601 532 1628 ut
555 1596 609 1628 vir
631 1602 770 1628 sanctus
800 1597 1012 1639 predixerat,
1035 1596 1203 1639 regimen,
1234 1596 1327 1638 quod
1359 1595 1414 1637 pie
1446 1596 1618 1627 moderari
1649 1595 1810 1637 princeps
1843 1596 1964 1632 noluit,

139 1650 252 1683 amisit
261 1652 285 1683 ⁷.
329 1648 410 1688 Qua
430 1650 469 1682 in
493 1661 530 1682 re
554 1649 656 1682 trium
678 1655 814 1692 patrum
836 1650 948 1693 gratia
971 1649 1127 1681 floruisse
1150 1648 1366 1681 venerandus
1390 1654 1490 1690 pater
1514 1648 1722 1691 agnoscitur:
1754 1648 1876 1686 Tobie,
1900 1649 1965 1680 sci-

141 1703 234 1744 licet,
257 1704 314 1748 qui
336 1709 373 1736 ut
394 1709 548 1737 mortuos
570 1703 790 1742 reconderet,
814 1703 952 1746 reliquit
975 1703 1170 1745 prandium,
1189 1703 1350 1745 Nycolai,
1367 1703 1427 1745 qui
1450 1709 1486 1734 ut
1508 1703 1657 1734 insontes
1679 1702 1840 1744 eriperet,
1857 1702 1966 1734 tenuit

139 1756 358 1800 spiculatoris
379 1767 529 1795 manum,
553 1756 748 1795 Benedicti,
771 1756 828 1799 qui
852 1757 927 1799 regi
950 1755 1069 1789 Totile
1093 1757 1243 1789 futuram
1268 1762 1411 1788 mortem
1436 1755 1618 1795 nuntiavit,
1635 1761 1670 1787 et
1685 1755 1757 1787 eius
1781 1755 1965 1792 feritatem,

85 2253 117 2272 10

86 2460 117 2486 1⁵

87 2676 121 2694 20

89 2885 121 2910 ²5

227 1867 236 1884 ¹
255 1868 395 1899 Proverb„
415 1867 503 1899 XXX,
522 1876 565 1900 30-

227 1908 238 1926 ²
256 1909 297 1935 La
316 1917 425 1943 werra,
444 1912 489 1936 cui
509 1913 532 1936 si
553 1911 710 1940 accenna‚‘e
728 1912 755 1936 la
774 1912 895 1936 seconda
908 1912 957 1935 che
977 1911 1027 1935 Gi-

141 1952 218 1977 sulfo
249 1952 406 1986 Intraprese
436 1955 539 1978 contro
563 1954 605 1986 gli
637 1953 815 1982 Amalfitani,
834 1955 968 1978 descritta
995 1954 1030 1977 da

140 1995 246 2020 Amato
265 1995 311 2020 nel
330 1995 405 2020 libro
423 1995 498 2025 vm,
516 2003 540 2021 c.
559 2002 598 2020 111
615 1996 691 2020 della
709 2004 759 2020 sua
785 1997 875 2021 storia
895 1997 939 2020 dei
959 1996 1032 2019 Nor-

141 2038 237 2061 manni
257 2036 294 2068 (v,
313 2037 432 2068 semea,
451 2042 492 2069 op.
512 2039 567 2067 cit„
585 2046 612 2071 p.
632 2037 699 2070 5653
719 2038 762 2062 ed.
787 2038 833 2062 DE
858 2039 1031 2064 Baaruom-

141 2085 242 2107 sums,
256 2079 314 2108 cit..
327 2086 354 2111 p.
373 2079 445 2112 341).
474 2078 593 2104 Gisulfo
613 2078 714 2104 manco
734 2080 789 2104 alle
803 2087 946 2112 promesse
961 2080 1030 2103 fatte

141 2121 168 2145 nl
188 2127 260 2154 papa
273 2119 415 2153 Gregorio
435 2121 495 2150 vn,
515 2128 564 2154 per
581 2123 627 2145 cui
648 2122 669 2146 il
686 2121 852 2152 Guiscardo,
868 2121 1031 2154 prendendo

143 2165 293 2188 occasione
312 2163 462 2188 dell’aiuto
480 2171 496 2188 a
516 2165 554 2188 lui
575 2165 684 2188 chiesto
703 2165 782 2196 dagli
806 2165 980 2192 Amalfitani,
1007 2166 1029 2187 si

142 2207 254 2231 acclnse
272 2206 436 2231 all‘aasedio
456 2207 486 2232 di
505 2206 634 2232 Salerno.

228 2246 240 2262 ³
257 2248 334 2273 SulIe
351 2247 478 2273 crudelta
497 2249 527 2273 dt
540 2248 666 2277 Gisulfo,
680 2250 774 2281 specie
789 2249 834 2273 nel
852 2249 1033 2273 condannare

142 2289 397 2322 au’aceecamento,
416 2297 442 2316 ν.
455 2290 547 2320 Anna,
561 2296 600 2322 op.
615 2292 670 2322 cit„
685 2292 734 2316 lib.
748 2291 821 2320 VIII,
835 2299 896 2323 cap.
909 2297 954 2318 111.
970 2297 1033 2321 230-

143 2339 208 2365 233:
228 2332 274 2357 Da
292 2333 555 2363 Bana-nominans,
574 2341 600 2365 p.
619 2340 669 2365 3⁴3
691 2341 704 2358 e
724 2341 762 2365 sg.

231 2373 243 2390 ⁴
264 2373 414 2400 “Concita
432 2375 520 2407 gradu
530 2393 554 2406 η,
575 2375 707 2400 Prmsmu
728 2376 857 2403 Fabulae,
876 2375 924 2402 111.
939 2383 964 2407 3.

230 2416 242 2433 ⁵
265 2417 410 2442 “Praedes
429 2418 569 2449 vadesque
588 2418 787 2450 poenitudinis
807 2425 899 2448 reos„
914 2418 1033 2445 Ausox..

146 2459 221 2490 Sept.
242 2459 318 2491 Sap„
336 2459 383 2489 IV,
403 2467 445 2485 21.

232 2501 243 2518 ⁸
261 2501 366 2531 Questa
394 2503 532 2536 profezia.
551 2503 628 2528 della
656 2503 768 2536 perdita
795 2503 841 2527 del
870 2504 1033 2535 principato

147 2546 218 2570 satta
233 2553 248 2570 a
264 2544 381 2570 Gisulfo
394 2545 442 2570 dal
460 2547 553 2577 santo,
566 2545 651 2570 rende
664 2545 843 2578 impossibile
857 2545 1032 2569 l’identifica·

146 2588 227 2612 zione
240 2587 416 2616 dell’abbate.
431 2589 567 2619 proposta
581 2587 660 2612 dallo
674 2587 778 2619 Schipa
789 2587 894 2617 (Storia
908 2587 1033 2616 delprin-

146 2631 243 2661 cipeto,
261 2637 288 2661 p.
308 2628 379 2660 568),
392 2629 438 2654 col
452 2630 578 2654 fanatico
592 2637 712 2654 monaco
726 2630 829 2658 Leone,
846 2629 895 2652 che
911 2629 1033 2652 secondo

146 2671 253 2696 Amato
270 2671 391 2696 avrebbe
410 2672 509 2695 invece
525 2672 648 2696 eccitato
669 2671 785 2696 Gisulso
803 2670 963 2695 all’eccidio
989 2670 1034 2693 de-

147 2713 187 2745 gli
207 2712 374 2745 Amalfitani
392 2720 446 2737 con
467 2713 495 2737 la.
513 2720 657 2745 promesss.
667 2713 817 2737 dell‘aiuto
830 2712 942 2737 divino.
955 2711 1033 2735 L’ab-

146 2756 211 2780 bate
230 2761 356 2783 cavense,
376 2763 495 2787 persona
515 2756 592 2783 mite,
604 2763 661 2780 non
676 2755 700 2779 si
715 2756 863 2778 intromise
879 2754 952 2777 nelle
963 2754 1035 2777 lotte

148 2797 300 2829 politiche:
321 2798 341 2821 il
367 2796 538 2821 Pochettino
557 2796 590 2829 (Ι
604 2797 782 2829 Langobar-di
806 2795 956 2820 nell'ltalia
982 2804 1034 2819 me-

148 2839 292 2868 ridionale,
311 2839 428 2870 Napoli,
450 2845 524 2871 1929,
538 2847 566 2872 p.
585 2837 649 2871 494)
667 2839 729 2862 dice
749 2839 798 2862 che
809 2838 930 2862 I’abbate
941 2837 1034 2860 Leone

149 2888 203 2905 con
222 2881 426 2906 l’arcivescovo
446 2882 475 2905 di
488 2881 615 2911 Salerno,
628 2880 738 2905 Alfano
753 2880 773 2910 I,
786 2879 865 2904 cereo
885 2880 913 2903 di
929 2880 1033 2902 dissua—

149 2924 214 2947 dere
223 2921 365 2955 Gregorio
373 2923 426 2947 VII
436 2923 515 2947 dallo
526 2924 719 2947 scomunicare
729 2922 853 2946 Roberto
862 2920 1033 2945 Guiscardo:

150 2965 178 2989 la
198 2965 309 2989 notizia
327 2965 382 2990 l’ha
402 2972 482 2997 presa
501 2964 547 2989 dal
562 2965 601 2989 D1
614 2964 692 2993 Miro,
710 2964 820 2992 Annali,
839 2962 912 2991 VIII,
932 2969 957 2995 p.
976 2961 1034 2992 128,

1082 1869 1130 1893 che
1151 1868 1206 1892 l'ha
1227 1869 1301 1892 totta
1321 1868 1544 1892 dall'Annalista
1563 1868 1753 1897 salernitano,
1773 1867 1833 1891 cioL·
1858 1867 1964 1899 l'impo-

1083 1913 1160 1935 stura
1175 1910 1220 1935 del
1238 1910 1362 1938 Pratilli,
1383 1910 1461 1934 dallo
1481 1913 1569 1934 stesso
1590 1909 1759 1933 Pochettino
1781 1909 1826 1941 gii·
1859 1910 1966 1933 dichia-

1085 1955 1146 1977 rata
1167 1953 1245 1976 salsa.
1291 1952 1424 1976 L’abbate
1443 1952 1537 1976 Leone
1556 1959 1601 1975 era
1620 1953 1670 1975 ben
1699 1952 1864 1975 conosciuto
1884 1959 1898 1975 e
1918 1952 1966 1974 sti-

1084 1998 1160 2019 mato
1180 1995 1226 2019 dal
1247 2002 1317 2026 papa
1347 1994 1487 2026 Gregorio
1517 1994 1575 2020 VII.
1607 1993 1705 2025 perch'c
1735 1994 1826 2024 questi
1856 2000 1964 2026 appena

1085 2044 1180 2061 asceso
1201 2037 1221 2061 il
1242 2037 1336 2068 soglio
1362 2037 1519 2068 pontificio,
1548 2036 1698 2059 scrivendo
1721 2036 1746 2059 al
1768 2036 1896 2068 principe
1916 2034 1964 2058 Gi-

1086 2079 1170 2107 sulso,
1190 2081 1346 2111 aggiunge:
1378 2079 1389 2090 ¹⁴
1402 2079 1442 2102 Te
1455 2097 1460 2102 .
1473 2098 1478 2102 .
1493 2096 1515 2103 ..
1544 2085 1622 2109 rogo,
1652 2080 1682 2101 ut
1713 2078 1900 2101 venerabilem
1921 2085 1966 2108 pa-

1086 2122 1179 2145 “trcm
1210 2121 1382 2145 Leonem...
1398 2140 1403 2145 .
1431 2120 1465 2144 ad
1494 2121 1667 2143 exorandum
1698 2120 1785 2143 Deum
1807 2127 1857 2151 pro
1879 2126 1919 2142 me
1933 2127 1965 2142 ex

1085 2165 1173 2187 “vera
1198 2164 1317 2186 caritate
1343 2163 1449 2186 invites
1465 2161 1620 2193 1,(Μκῑὶτικῑ,
1645 2163 1723 2186 l’atr.
1753 2162 1822 2189 Lat„
1841 2160 1966 2189 CXLIII.

1087 2206 1164 2236 285);
1190 2213 1233 2229 rna
1260 2213 1316 2228 non
1344 2206 1364 2228 si
1387 2205 1420 2228 ha
1440 2211 1527 2235 prova
1554 2204 1602 2227 che
1628 2205 1650 2227 si
1672 2205 1713 2227 sia
1740 2205 1910 2227 intromesso
1933 2201 1967 2226 n'e

1086 2256 1101 2272 a
1122 2248 1220 2271 favore
1239 2247 1265 2270 di
1287 2247 1402 2271 Gisulso
1424 2245 1456 2269 n'e
1476 2246 1520 2269 del
1540 2245 1705 2269 Guiscardo.

1174 2287 1185 2303 ⁷
1205 2289 1290 2312 Anno
1314 2287 1388 2319 1076.
1425 2287 1452 2311 Si
1469 2287 1574 2312 ricordi
1596 2287 1644 2310 che
1658 2287 1734 2320 dopo
1751 2288 1826 2310 varie
1847 2288 1967 2318 peregri-

1087 2332 1199 2354 nazioni
1222 2339 1235 2354 a
1256 2330 1346 2354 Roma
1365 2336 1380 2353 e
1403 2337 1418 2353 a
1438 2329 1543 2360 Capua,
1564 2328 1679 2352 Gisulfo
1699 2329 1722 2352 si
1743 2326 1851 2359 rifugit’)
1874 2334 1968 2359 presso

1086 2374 1126 2405 gli
1146 2373 1320 2400 Amalfitani,
1334 2380 1349 2395 a
1363 2379 1445 2395 causa
1455 2372 1499 2395 dei
1515 2372 1590 2402 quali
1611 2378 1698 2394 aveva
1713 2371 1833 2402 perduto
1852 2370 1873 2393 it
1889 2371 1968 2401 prin-

1086 2416 1191 2446 cipato,
1209 2421 1224 2438 e
1243 2414 1330 2445 quelli
1343 2420 1390 2445 per
1403 2420 1486 2444 poco,
1499 2413 1544 2436 nel
1562 2411 1636 2440 1088,
1657 2413 1685 2435 lo
1705 2412 1892 2436 riconobbero
1906 2411 1968 2435 loro

1087 2457 1174 2484 Duca,
1193 2463 1271 2480 come
1291 2456 1315 2479 sl
1335 2456 1369 2479 ha
1390 2455 1423 2479 da
1443 2462 1480 2478 un
1500 2455 1669 2478 documento
1685 2453 1728 2477 del
1743 2453 1836 2485 lugllo
1850 2453 1878 2477 di
1893 2453 1969 2484 quel-

1087 2498 1191 2529 l'anno,
1212 2499 1355 2530 riportato
1377 2499 1405 2520 in
1427 2497 1501 2521 altro
1521 2496 1703 2520 dell'ottobre
1725 2501 1791 2526 1124
1806 2496 1875 2522 (non
1894 2493 1969 2525 1184.

1088 2547 1166 2564 come
1185 2541 1221 2564 ha
1243 2541 1271 2563 lo
1296 2540 1414 2567 Senum,
1440 2542 1481 2569 op.
1506 2539 1558 2563 cit..
1579 2546 1604 2570 p.
1633 2535 1694 2568 588)
1715 2537 1921 2561 dell'Archivio
1940 2537 1969 2560 di

1088 2582 1174 2611 Cava,
1192 2582 1222 2606 F,
1238 2590 1264 2606 n.
1279 2589 1319 2612 πο,
1339 2590 1352 2605 c
1374 2588 1438 2612 pare
1457 2581 1505 2604 che
1525 2581 1599 2611 dopo
1620 2587 1691 2611 poco
1713 2579 1836 2606 moriaae.
1857 2577 1970 2609 giaeche

1089 2625 1133 2648 nel
1156 2631 1219 2655 1091
1242 2625 1267 2647 la
1287 2623 1392 2647 sorella
1415 2621 1604 2654 Gaitelgrima
1630 2621 1731 2645 otri-iva
1757 2621 1832 2645 delle
1859 2624 1929 2644 terre
1955 2628 1969 2643 a

1087 2666 1163 2690 Cava
1186 2666 1199 2679 ¹‘
1210 2673 1258 2698 per
1278 2665 1430 2689 remedium
1445 2667 1471 2687 et
1486 2664 1576 2687 salute
1591 2664 1685 2687 anime
1699 2663 1843 2693 quondam
1858 2662 1971 2685 domini

1090 2711 1101 2721 *⁴
1114 2708 1249 2740 Gisulphi
1268 2708 1337 2731 olim
1354 2707 1494 2739 principis
1508 2726 1518 2736 „
1540 2705 1587 2737 (A.
1602 2704 1634 2729 C.
1649 2704 1680 2729 C.
1701 2705 1753 2738 27).
1791 2705 1811 2728 ll
1828 2705 1862 2729 Di
1879 2703 1941 2727 Meo
1955 2711 1968 2728 e

1087 2752 1164 2783 dopo
1183 2751 1213 2775 di
1233 2751 1274 2774 lul
1289 2750 1316 2773 lo
1330 2749 1433 2781 Schlpa
1447 2749 1585 2772 dubitano
1599 2744 1837 2771 dell'autenticitii
1857 2747 1885 2770 di
1906 2754 1968 2777 que·

1086 2795 1130 2816 sto
1150 2793 1330 2821 documento,
1344 2798 1387 2814 nia
1408 2797 1464 2813 non
1485 2797 1538 2812 con
1559 2789 1652 2813 sollde
1671 2790 1795 2820 ragioni.
1824 2787 1868 2811 ef.
1883 2786 1969 2811 GclL-
2001 2795 2011 2800 -

1088 2840 1196 2861 LAUME,
1225 2834 1283 2857 Vita
1297 2833 1327 2855 di
1345 2834 1372 2856 S.
1395 2832 1488 2860 Leone,
1509 2839 1533 2862 p.
1558 2829 1602 2856 IS:
1623 2829 1751 2854 CAMERA
1773 2829 1818 2855 Μ..
1840 2830 1970 2852 Memorie

1086 2876 1383 2905 ‚clerico-dipl«›matiche
1403 2874 1474 2897 della
1494 2873 1558 2896 citrei
1579 2873 1608 2895 di
1626 2873 1733 2905 Αηιαζιῐ,
1753 2871 1879 2898 Salerno,
1898 2869 1970 2902 1876,

1089 2918 1107 2946 Ι,
1128 2925 1153 2950 p.
1179 2917 1237 2941 282.

2060 660 2062 662 ,
2112 650 2124 662 U

2014 671 2088 695 Mer-u..
2105 676 2142 694 ²¹:

1994 1958 2027 1982 30

1996 2169 2027 2193 35

1996 2376 2031 2400 40

1998 2587 2028 2613 45
