2280 3476
167 619 186 632 C.
204 620 248 634 Iov

169 1045 187 1060 Ε.
204 1046 248 1060 lov

117 1093 193 1119 Mum,
211 1099 248 1117 214

140 1843 159 1856 6-
175 1842 199 1856 ΙΙ
211 1843 224 1856 Υ

268 2346 299 2363 10

267 2558 295 2583 ¹5

266 2766 298 2783 20

565 158 729 195 VITAE
757 159 1018 197 QUATUOR
1049 161 1288 195 PRIORUM
1317 161 1578 198 ABBATUM
1608 163 1918 199 CAVENSIUM

326 294 531 330 cooperator
561 290 709 322 existere
741 290 918 322 videretur
932 289 952 323 ¹.
999 291 1180 333 Siquidem
1213 302 1290 323 cum
1324 302 1387 334 pro
1419 294 1658 325 resuscitando
1691 299 1826 326 mortuo
1857 295 1907 326 vir
1936 297 2153 328 venerandus

326 340 482 373 Alferius
505 352 604 374 orare
628 343 818 384 proposuit,
833 344 925 375 hunc
948 344 1057 375 solum
1074 354 1118 376 ex
1135 345 1291 376 omnibus
1315 344 1493 386 discipulis
1517 356 1631 377 secum
1656 347 1807 386 retinuit,
1832 358 1909 379 cum
1934 358 2001 390 quo
2025 350 2153 390 pariter

326 405 361 425 se
386 394 421 425 in
445 395 636 426 orationem
661 394 766 427 dedit.
815 395 921 433 Quod
945 397 1061 439 utique
1087 397 1138 428 vir
1161 403 1299 429 sanctus
1323 408 1391 429 non
1416 399 1563 436 faceret,
1587 399 1653 430 nisi
1677 409 1719 431 ex
1742 400 1811 431 vite
1836 401 1907 432 eius
1933 401 2152 442 perfectione

326 447 518 490 colligeret,
543 448 624 491 quia
654 449 699 480 ad
729 448 920 490 optinenda
951 456 1018 481 tam
1050 450 1207 492 grandia,
1231 450 1440 483 adiutorium
1470 451 1535 484 sibi
1566 458 1721 493 prestare
1752 453 1927 494 potuisset.
1975 452 2048 490 Qui
2070 454 2154 486 licet

324 500 478 543 magistri
501 501 552 532 sui
576 507 731 543 tempore
754 511 896 544 magnus
919 502 1118 541 haberetur,
1145 509 1261 534 tamen
1292 510 1370 545 post
1399 505 1472 535 eius
1502 510 1645 536 mortem
1677 505 1785 548 magis
1812 505 1947 538 claruit.
1994 507 2094 548 Nam,
2117 512 2153 538 ut

327 553 488 594 discipuli
512 553 594 592 eius,
618 555 675 596 qui
699 564 806 596 usque
831 555 876 586 ad
908 561 1022 587 nostra
1045 561 1203 597 tempora
1234 556 1267 587 in
1298 557 1507 589 monasterio
1539 558 1690 595 fuerunt,
1721 559 1856 589 referre
1887 558 1977 590 soliti
2007 565 2097 598 sunt,
2118 559 2154 591 in

326 611 455 638 tantam
480 606 596 639 cordis
619 607 804 649 puritatem
827 608 990 649 profecit,
1012 615 1048 640 ut
1070 608 1305 641 venerabilem
1329 609 1467 642 Domini
1497 609 1614 642 nostri'
1638 610 1852 643 Genitricem
1880 612 2044 644 orationis
2066 618 2150 644 tem-

323 669 407 700 pore
431 660 548 691 videre
572 666 772 692 mereretur.
819 661 984 692 Preterea
1007 667 1102 693 tante
1134 662 1335 694 humilitatis
1366 668 1467 706 atque
1496 663 1739 696 misericordie
1764 664 1816 695 vir
1840 664 1992 697 extitisse
2015 664 2155 704 dicitur,

323 718 361 743 ut
384 712 427 744 ab
451 713 622 745 adiacenti
656 713 779 745 cellule
811 723 871 745 sue
904 714 1042 747 heremo
1074 714 1246 757 lignorum
1278 717 1430 748 sarcinas
1460 717 1611 758 propriis
1641 717 1795 748 humeris
1825 716 2007 749 Salernum
2033 718 2152 756 ferret,

325 775 449 807 easque
473 766 678 803 distrahens,
703 776 810 808 panes
837 773 980 806 emeret,
1011 778 1095 810 quos
1125 768 1333 810 pauperibus
1365 775 1535 812 erogaret.
1582 770 1685 802 Haud
1708 781 1808 802 secus
1834 770 1953 813 utique
1977 782 2012 802 se
2037 771 2154 804 matris

322 818 461 850 Domini
485 825 662 861 aspectum
687 821 875 862 promereri
900 827 1054 858 noverat,
1071 832 1173 863 quam
1196 822 1224 853 si
1247 822 1380 864 magnis
1403 822 1584 855 virtutibus
1607 823 1764 864 polleret,
1781 829 1815 855 et
1839 834 1875 855 se
1897 834 2022 868 magna
2045 825 2156 856 humi-

325 871 420 903 litate
452 872 618 910 deiceret,
642 878 679 904 ut
712 873 898 914 despectus
928 873 1023 912 foris,
1053 875 1144 906 intus
1175 884 1395 916 nequaquam
1426 875 1681 911 intumesceret,
1714 877 1775 909 sed
1805 877 1965 909 virtutum
1995 883 2153 909 tenerum

325 925 498 956 edificium
522 925 555 956 in
580 935 709 957 summe
732 926 934 958 humilitatis
964 932 1063 968 petra
1094 927 1268 959 solidaret.
1315 928 1358 958 Et
1383 928 1531 959 fortasse
1562 928 1613 959 vir
1644 935 1783 961 sanctus
1813 940 1848 961 se
1880 929 1932 961 illi
1963 930 2155 962 ministerio

327 978 514 1016 coniunxit,
539 978 617 1020 quia
641 979 686 1010 ad
710 984 865 1010 eternam
890 979 992 1011 vitam
1018 991 1081 1022 per
1104 980 1242 1012 labores
1266 981 1473 1022 temporales
1500 982 1550 1012 ire
1574 981 1754 1023 disposuit.
1801 982 1896 1024 Opus
1919 993 2002 1026 ergo
2025 983 2155 1014 miseri-

324 1032 441 1063 cordie
466 1031 551 1063 illud
575 1031 756 1073 probavit,'
782 1033 875 1074 quod
899 1043 976 1064 cum
1001 1034 1159 1075 corporei
1185 1033 1313 1065 laboris
1339 1034 1512 1066 sacrificio
1536 1035 1722 1066 convenire
1740 1036 1914 1078 cognovit,
1937 1042 1974 1068 ut
1998 1047 2041 1068 ex
2064 1042 2156 1068 utro-

326 1094 392 1126 que
409 1083 520 1116 velud'
537 1085 667 1127 pingue
685 1085 931 1127 omnipotentis
947 1086 1009 1117 Dei
1028 1086 1265 1118 holocaustum
1283 1087 1395 1124 fieret,
1413 1088 1539 1120 amoris
1555 1087 1724 1119 videlicet
1739 1088 1875 1120 flamma
1891 1094 1981 1120 totus
1996 1089 2156 1126 affluens,

324 1143 360 1168 ut
385 1147 510 1179 corpus
532 1147 631 1169 omne
657 1137 767 1170 labori
792 1144 825 1170 et
849 1144 954 1170 totam
978 1145 1126 1171 mentem
1150 1140 1332 1172 dedicaret
1356 1140 1489 1182 pietati.

413 1191 540 1223 Ferunt
564 1191 679 1229 etiam,
703 1191 783 1234 quia
806 1192 956 1233 quadam
986 1192 1041 1224 die
1073 1203 1151 1224 cum
1182 1203 1202 1223 a
1233 1194 1393 1234 predicta
1426 1193 1565 1226 civitate
1597 1194 1743 1234 veniret,
1767 1201 1801 1226 et
1824 1195 1994 1237 lignorum
2017 1206 2154 1227 suorum

325 1243 471 1285 pretium
495 1243 702 1285 pauperibus
725 1244 760 1274 in
785 1255 873 1285 pane
897 1243 1083 1281 divideret,
1107 1245 1243 1277 Gisulfo
1268 1255 1418 1287 quoque,
1442 1246 1576 1277 Salerni
1604 1246 1764 1288 principi,
1789 1247 1925 1278 sudoris
1948 1247 1998 1279 sui
2031 1257 2156 1289 panem

324 1296 492 1338 porrexit.
539 1295 712 1333 Quicum
745 1297 855 1337 primo
887 1296 1039 1328 oblatum
1071 1297 1136 1329 sibi
1168 1308 1292 1339 panem
1325 1299 1531 1340 despiceret,
1563 1300 1794 1341 reprehensus
1818 1311 1837 1331 a
1860 1300 2037 1338 militibus,
2061 1301 2155 1343 quod

325 1360 393 1381 non
416 1360 551 1391 panem,
574 1350 636 1381 sed
658 1349 693 1380 in
719 1360 807 1391 pane
831 1350 896 1381 Dei
920 1350 1096 1382 hominem
1120 1357 1312 1391 sperneret,
1335 1352 1519 1384 confestim
1545 1363 1703 1384 reversus
1727 1359 1788 1390 est,
1805 1353 1848 1385 de
1873 1353 1935 1384 viri
1956 1353 2022 1385 Dei
2046 1354 2155 1386 mani-

324 1402 387 1434 bus
411 1413 534 1444 panem
560 1403 698 1445 accepit
721 1409 755 1434 et
778 1403 943 1440 comedit,
967 1409 1070 1445 atque
1095 1414 1137 1435 ex
1169 1404 1227 1435 illo
1256 1404 1321 1436 iam
1346 1405 1400 1436 die
1426 1411 1519 1437 tanto
1551 1406 1641 1446 patri
1671 1406 1854 1438 familiaris
1883 1405 1969 1438 fuit)
2012 1406 2065 1438 Ex
2089 1417 2156 1449 qua

325 1455 483 1487 nimirum
507 1456 618 1498 gratie
641 1456 798 1488 ubertate
823 1456 964 1494 accidit,
989 1462 1024 1488 ut
1047 1457 1081 1487 in
1105 1457 1244 1489 multam
1271 1458 1439 1489 donorum
1463 1468 1606 1490 messem
1635 1459 1733 1500 panis
1757 1459 1813 1491 ille
1838 1459 1974 1497 frustra,
1998 1466 2035 1492 ut
2057 1466 2156 1502 puta-

324 1508 434 1546 batur,
458 1509 557 1541 diviti
580 1509 713 1541 oblatus
737 1515 923 1547 cresceret,
938 1515 971 1541 et
990 1509 1087 1552 quasi
1112 1509 1237 1541 bonum
1261 1520 1379 1542 semen
1403 1511 1539 1543 fructus
1562 1512 1613 1543 sui
1631 1512 1766 1554 copiam
1789 1512 2030 1545 habundanter
2045 1513 2157 1545 effun-

325 1561 425 1593 deret
438 1561 459 1593 ².
507 1562 595 1593 Nam
619 1572 697 1593 cum
721 1562 812 1594 idem
838 1563 999 1604 princeps
1023 1563 1171 1594 seculari
1194 1564 1349 1604 potentia
1375 1565 1524 1596 tumidus
1547 1565 1647 1606 plura
1670 1565 1828 1596 crudelia
1854 1575 2004 1608 sevaque
2028 1576 2156 1608 propo-

326 1620 432 1652 neret,
457 1615 513 1646 hic
537 1615 628 1647 solus
652 1615 801 1648 audebat
823 1615 1001 1652 obsistere,
1025 1616 1118 1647 solus
1145 1616 1260 1657 pravis
1295 1616 1367 1648 eius
1391 1617 1672 1658 dispositionibus
1704 1618 1813 1650 libera
1845 1619 2048 1651 auctoritate
2075 1629 2156 1650 con-

325 1668 440 1699 traire.
488 1667 601 1705 Quem
626 1669 786 1700 nimirum
817 1679 900 1710 sepe
933 1669 1120 1701 humilibus
1150 1670 1314 1710 precibus
1345 1670 1483 1708 liniens,
1513 1681 1596 1712 sepe
1628 1670 1954 1703 comminationibus
1977 1671 2156 1713 impetens,

326 1731 581 1764 nonnumquam
604 1722 667 1754 sibi
692 1722 884 1754 subiectum
901 1728 936 1754 et
952 1722 1171 1755 obedientem
1196 1723 1243 1755 ita
1264 1723 1431 1761 reddidit,
1447 1730 1482 1756 ut
1499 1725 1672 1766 optineret
1694 1724 1903 1767 quandoque
1923 1736 1989 1767 que
2014 1731 2157 1767 peteret,

326 1775 534 1816 quandoque
559 1786 624 1818 que
648 1776 849 1817 impendere
880 1776 998 1816 nollet,
1024 1775 1067 1807 ab
1098 1776 1205 1808 invito
1238 1777 1455 1814 auctoritate,
1487 1787 1556 1808 non
1580 1778 1752 1819 precibus,
1776 1784 2009 1820 extorqueret.
2056 1779 2155 1810 Nam'

325 1828 489 1870 scriptum
507 1828 548 1861 de
566 1827 895 1861 huiusmodisssancte
913 1829 1059 1860 ecclesie
1081 1829 1277 1870 potentibus
1295 1836 1361 1861 est:
1387 1830 1498 1861 Iustus
1516 1835 1553 1861 ut
1568 1831 1623 1862 leo
1640 1830 1782 1863 confidit
1795 1830 1817 1862 ³.
1863 1831 1907 1862 Et
1922 1831 2042 1863 iterum
2059 1841 2156 1864 sacra

414 1961 422 1976 ¹
442 1962 468 1985 S.
482 1961 660 1990 Gasoomus,
680 1962 767 1992 Dial„
787 1962 820 1990 11,
837 1969 888 1986 111:
910 1965 922 1977 ⁴1
935 1963 1048 1986 Maurus
1070 1963 1212 1989 invenior,

327 2004 411 2027 “cuni
437 2004 521 2027 bonis
546 2003 667 2035 polleret
696 2004 830 2033 moribus,
849 2005 976 2036 magistri
1005 2005 1118 2027 adiutor
1139 2005 1213 2035 repit

326 2045 339 2058 ‘⁴
350 2046 469 2070 existere
480 2064 502 2076 ,‚.

414 2087 424 2103 ²
443 2088 559 2112 Gisulfo
579 2089 604 2112 ΙΙ
631 2088 754 2112 divenne
773 2089 824 2112 ben
847 2092 941 2120 presto
963 2089 1144 2112 benefattore
1171 2089 1213 2111 in-

1269 1963 1344 1986 dette
1365 1963 1457 1986 chiese
1477 1963 1522 1987 dei
1543 1964 1658 1987 Cilento
1679 1972 1692 1987 e
1712 1964 1740 1987 di
1762 1964 1843 1993 altre,
1864 1965 1938 1988 nella
1957 1965 2035 1988 bolla
2050 1966 2078 1988 di
2093 1964 2157 1989 Gre-

1268 2005 1352 2036 gorio
1374 2004 1423 2027 VII
1439 2012 1489 2028 ora
1509 2005 1642 2028 esistente
1664 2005 1872 2029 nell‘Archivlo
1892 2005 2092 2037 (GU1LLAUME,
2107 2007 2156 2030 Es-

1267 2047 1311 2070 sai
1328 2049 1379 2069 etc.
1400 2047 1481 2077 App„
1504 2054 1529 2078 p.
1550 2047 1592 2076 vl)
1614 2048 1637 2071 si
1658 2047 1718 2071 dice
1739 2048 1787 2071 che
1807 2048 1910 2071 furono
1931 2048 2033 2072 donate
2053 2055 2101 2080 per
2119 2049 2158 2071 in-

1268 2090 1397 2111 tervonto
1417 2089 1459 2111 del
1481 2096 1562 2120 papa.
1585 2097 1627 2112 ma
1648 2089 1703 2113 tale
1722 2089 1801 2113 bolla
1819 2088 1833 2113 ὲ
1852 2090 1976 2113 ritenuta
1995 2091 2091 2122 spuria
2111 2090 2157 2114 dal

326 2133 404 2162 signe
423 2131 495 2154 della
516 2131 613 2154 Radia.
635 2132 699 2154 Non
719 2132 930 2155 considerando
950 2138 1027 2155 corne
1043 2139 1107 2154 vero
1129 2132 1148 2153 il
1172 2131 1213 2154 di-

325 2174 419 2204 ploma
439 2174 607 2205 dell'agosto
627 2172 692 2203 1058
705 2172 748 2202 ((,.
765 2175 800 2197 l).
817 2176 855 2200 (1,,
871 2173 944 2203 Vlll,
959 2182 984 2204 p.
1007 2173 1051 2205 77)
1065 2181 1111 2205 per
1126 2174 1214 2197 moite

325 2216 447 2246 ragioni,
469 2215 617 2239 dicendosi
645 2215 674 2238 in
705 2222 774 2245 esso,
806 2215 846 2239 fra
877 2216 980 2242 l‘altro.
1002 2215 1050 2239 che
1076 2216 1098 2239 il
1119 2224 1214 2239 mona-

326 2260 399 2281 stero
419 2257 447 2280 di
468 2257 493 2280 S.
508 2257 609 2281 Nicola
631 2258 662 2281 de
688 2259 848 2281 (fallocztnla
868 2256 921 2286 (tra
944 2258 1035 2281 Victri
1055 2265 1069 2281 e
1083 2258 1213 2288 Salerno)

325 2297 338 2322 ὲ
357 2299 412 2329 ipsi
431 2300 591 2323 monasterio
610 2303 699 2323 sancte
726 2300 869 2323 Trinitatis
884 2301 1032 2330 pertinens,
1054 2302 1159 2323 mentre
1181 2308 1214 2323 ne

328 2341 355 2363 su
376 2341 480 2364 donata
499 2341 561 2364 solo
587 2348 643 2364 una
663 2343 735 2365 sesta
756 2342 833 2372 parte
853 2341 898 2364 nel
931 2341 1005 2372 1087,
1025 2342 1137 2372 quando
1157 2350 1214 2365 nno

326 2382 369 2405 dei
391 2384 517 2413 patroni,
542 2382 714 2411 Landoario,
736 2384 759 2406 si
780 2390 837 2406 rese
858 2390 976 2407 moriano
990 2391 1005 2406 a
1020 2383 1097 2407 Cava
1112 2383 1158 2412 (A.
1173 2385 1213 2411 (3.,

326 2432 379 2447 are.
399 2424 471 2452 XIV,
492 2432 518 2447 11.
540 2422 592 2455 78),
613 2425 634 2448 si
655 2425 751 2448 hanno
773 2425 849 2448 varie
870 2426 1021 2448 donazioni
1038 2426 1064 2448 (li
1081 2424 1212 2448 Gisulso:

326 2466 369 2489 nel
393 2471 467 2497 1059,
487 2468 611 2498 maggio,
630 2468 702 2490 terre
717 2475 729 2490 c
749 2467 831 2490 dritti
852 2468 896 2490 nel
912 2467 1003 2491 casale
1019 2467 1046 2490 di
1063 2468 1213 2491 Metiliano

326 2508 367 2539 (C.
380 2510 416 2532 D.
433 2510 470 2536 C..
485 2509 559 2536 VIII,
574 2517 600 2541 p.
614 2509 666 2541 95),
683 2509 727 2533 nel
747 2515 820 2541 1071,
834 2509 958 2533 l’ultimo
973 2511 1062 2533 tratto
1076 2510 1119 2532 (iel
1135 2509 1214 2533 frume

326 2550 418 2573 Bonea
437 2551 492 2574 fino
512 2551 536 2573 al
558 2558 631 2574 mare
652 2552 695 2574 coi
717 2551 818 2574 molini
839 2551 915 2581 (Arc.
930 2552 959 2574 B.
975 2559 999 2574 n.
1025 2551 1059 2581 ι),
1080 2551 1124 2574 nel
1140 2560 1213 2582 inag-

324 2593 373 2623 gio
394 2599 458 2622 ¹012
479 2593 550 2616 terre
582 2593 627 2616 nel
648 2592 765 2617 Cilento
783 2595 928 2625 assegnate
949 2594 973 2616 al
1005 2595 1164 2616 monastero
1184 2594 1213 2617 di

325 2634 351 2657 S.
370 2634 533 2665 Arcangelo
553 2636 584 2658 de
606 2636 708 2659 Cilento
727 2635 926 2666 (GU1LLAUME,
960 2636 1042 2658 Essai
1060 2637 1120 2665 etc„
1139 2635 1213 2667 App.

325 2684 350 2708 p.
371 2676 428 2705 111),
449 2676 493 2700 nel
525 2682 598 2707 1073,
619 2678 740 2709 maggio,
760 2677 830 2700 altre
853 2679 925 2700 terre
945 2679 1053 2707 attigue
1073 2677 1128 2700 alle
1155 2685 1214 2708 pre-

325 2718 434 2741 cedenti
457 2718 529 2741 dove
548 2726 593 2741 era
614 2718 640 2742 la
661 2719 753 2742 chiesa
773 2719 801 2742 di
822 2719 848 2742 5.
870 2719 959 2742 Maria
980 2720 1011 2742 dc
1037 2720 1115 2742 (ιίιΙίιι
1137 2719 1214 2750 (oggi

326 2759 529 2790 Castellabate)
564 2760 613 2783 “et
645 2760 718 2783 aliae
749 2761 882 2784 ecclesiae
911 2763 1089 2784 constructae
1121 2763 1214 2790 sunt„

325 2801 525 2832 (GUILLAUME,
555 2802 613 2825 Vita
633 2803 662 2825 di
681 2804 708 2826 S.
729 2803 824 2829 Leone,
849 2810 877 2834 p.
903 2801 957 2833 30),
977 2809 990 2825 e
1016 2803 1042 2826 S.
1063 2802 1163 2825 Nicola
1185 2803 1214 2826 (li

324 2843 540 2867 Serramezzana
569 2842 768 2873 (GmLLAums,
797 2845 880 2868 Essai
909 2846 968 2872 ctu,
995 2844 1075 2876 App„
1100 2851 1125 2876 p.
1154 2842 1214 2873 [ῆς

325 2882 374 2917 pii:
394 2885 467 2908 tardi
490 2885 575 2908 anche
596 2885 622 2909 la
642 2886 735 2909 chiesa
755 2885 780 2909 S.
807 2885 942 2910 Massimo
961 2886 988 2909 di
1009 2886 1126 2910 Salerno
1151 2886 1213 2909 fon-

327 2927 392 2950 data
412 2927 457 2950 dal
477 2927 605 2959 principe
624 2927 755 2952 Guiserio
782 2927 926 2952 ncll'anno
949 2926 1009 2952 868.
1046 2927 1127 2951 Delle
1153 2927 1213 2951 sud-

1269 2131 1342 2154 Kelir
1371 2132 1468 2159 (ltalia
1488 2131 1642 2162 Ponit—'ficia
1668 2131 1738 2159 VIII.
1760 2138 1786 2163 p.
1812 2131 1887 2162 316);
1915 2132 2071 2156 l’esistenza
2091 2131 2156 2163 pero

1269 2173 1297 2196 di
1319 2180 1372 2196 una
1399 2173 1478 2195 bolla
1499 2172 1528 2195 di
1555 2173 1697 2204 Gregorio
1723 2173 1774 2196 VII
1794 2172 1808 2197 ὲ
1828 2174 1961 2197 attestata
1993 2173 2027 2197 da
2047 2176 2088 2198 tre
2108 2175 2157 2198 do-

1267 2215 1400 2240 cumenti
1421 2221 1478 2237 uno
1500 2214 1543 2238 del
1567 2214 1642 2243 1106,
1662 2215 1715 2238 due
1735 2214 1778 2238 del
1796 2214 1872 2244 1118,
1892 2216 1936 2238 nei
1958 2215 2036 2246 quali
2056 2222 2071 2238 a
2091 2223 2156 2247 pro-

1269 2258 1365 2310 posito
1385 2256 1460 2280 della
1480 2256 1573 2280 chiesa
1592 2256 1621 2280 di
1647 2256 1673 2280 S.
1695 2257 1829 2280 Massimo
1849 2257 1873 2280 si
1900 2257 1974 2280 dice:
1996 2258 2089 2288 “quae
2114 2258 2156 2280 vi-

1271 2298 1398 2322 delicet
1416 2298 1533 2321 ecclesia
1554 2305 1668 2330 supras‹
1663 2299 1749 2330 ,ripto
1770 2299 1943 2322 monasterio
1962 2300 2075 2323 sanctae
2094 2299 2156 2322 Tri-

1270 2340 1282 2352 “
1296 2341 1397 2364 nitatis
1417 2340 1541 2371 pertinet
1560 2347 1607 2372 per
1626 2340 1732 2364 firmam
1752 2341 1890 2364 cartulam
1911 2340 2022 2365 domini
2044 2341 2157 2374 septimi

1271 2385 1281 2393 ⁸¹
1296 2382 1439 2414 Gregorii,
1454 2381 1624 2405 venerabilis
1643 2381 1743 2414 Papae,
1757 2382 1928 2406 concedente
1941 2383 2026 2406 etiam
2040 2383 2158 2406 domino

1271 2424 1282 2436 ‘¹
1295 2424 1436 2455 Gisulpho
1457 2425 1486 2447 in
1507 2423 1560 2447 illo
1580 2425 1705 2455 tempore
1724 2424 1968 2448 Salernitanorurn
1982 2425 2117 2456 principe,
2130 2426 2159 2448 et

1271 2466 1283 2477 ⁴‘
1297 2467 1355 2498 ipsa
1382 2466 1490 2489 cartula
1509 2465 1617 2496 tipario
1637 2466 1760 2489 eiusdem
1787 2466 1898 2489 domini
1918 2467 2009 2498 Papae
2028 2465 2158 2498 plumbea

1271 2508 1371 2532 “bulla
1391 2508 1499 2532 bullata
1519 2510 1559 2532 est
1570 2525 1592 2538 „,
1613 2515 1626 2531 e
1646 2509 1722 2540 dopo
1744 2516 1813 2531 sono
1833 2510 1975 2534 ricordate
1989 2516 2041 2533 con
2056 2510 2156 2533 descri-

1269 2551 1347 2574 zioni
1369 2551 1474 2582 precise
1494 2550 1518 2573 lc·
1539 2550 1614 2573 bolle
1635 2550 1661 2573 di
1683 2551 1828 2574 conferma
1849 2550 1878 2574 di
1897 2551 2012 2575 Urbano
2025 2550 2051 2574 11
2065 2551 2109 2574 del
2124 2558 2153 2575 21

1269 2592 1418 2616 settembre
1440 2591 1504 2623 1089
1524 2599 1538 2615 e
1559 2593 1585 2615 rii
1616 2592 1754 2623 Pasquale
1782 2593 1816 2620 11,
1845 2599 1879 2623 30
1898 2594 1996 2625 agosto
2029 2599 2094 2617 1100
2118 2594 2155 2623 (v.

1269 2635 1362 2662 Kmm,
1381 2638 1422 2664 op.
1435 2634 1487 2661 cil..
1507 2641 1552 2665 pp.
1572 2640 1632 2665 322,
1650 2634 1730 2665 324)3
1749 2634 1778 2657 in
1793 2636 1888 2666 queste
1902 2635 1954 2659 due
1972 2635 2073 2659 ultime
2085 2643 2156 2660 sono

1268 2677 1394 2700 elencatc—
1413 2678 1486 2699 tutte
1506 2676 1531 2699 lc
1551 2676 1642 2699 chiese
1662 2676 1705 2699 del
1726 2675 1845 2701 Cilento
1864 2677 1968 2701 donate
1993 2677 2027 2701 da
2050 2678 2154 2710 privati

1270 2726 1286 2741 o
1305 2718 1350 2742 dal
1371 2719 1499 2749 principe
1518 2724 1532 2741 a
1548 2717 1632 2748 Cava,
1656 2720 1761 2742 mentre
1783 2719 1858 2742 nella
1877 2720 1972 2751 spuria
1998 2726 2055 2742 non
2075 2719 2099 2742 si
2119 2720 2155 2742 ri-

1269 2760 1354 2784 corda
1376 2760 1402 2783 S.
1423 2760 1564 2783 Massimo.
1603 2759 1635 2782 V.
1659 2760 1679 2783 il
1706 2761 1768 2784 doc.
1788 2760 1833 2784 del
1857 2761 1922 2784 1118
1946 2761 1977 2784 in
1997 2761 2042 2785 DE
2069 2761 2154 2785 BLAs1

1269 2802 1304 2830 S.,
1325 2802 1415 2826 Series
1429 2802 1581 2832 principum
1599 2802 1645 2833 qui
1670 2802 1907 2833 Langobardorum
1933 2806 2021 2826 aetate
2046 2803 2158 2827 Salerni

1270 2845 1446 2875 imperarunt,
1459 2843 1576 2875 Napoli,
1593 2844 1667 2875 1785,
1682 2851 1708 2875 p.
1722 2850 1805 2869 cmv:
1818 2845 1858 2877 gli
1873 2845 1939 2869 altri
1954 2844 2035 2878 A.4C.
2054 2843 2155 2874 XVIII,

1271 2894 1296 2910 n.
1319 2892 1361 2917 51,
1380 2887 1410 2909 F.
1431 2894 1457 2910 n.
1480 2892 1520 2909 η.

1357 2926 1368 2942 ³
1388 2929 1527 2961 Proverb„
1554 2927 1680 2956 XXVIII,
1703 2935 1724 2951 ι.

2181 772 2220 804 10

2182 1035 2219 1068 15

2179 1302 2221 1333 20

2179 1566 2220 1598 25

2181 1833 2224 1865 30

2186 1972 2217 1998 ²5

2185 2179 2219 2203 30

2184 2390 2216 2417 35

2183 2600 2220 2624 40

2182 2809 2214 2836 45
