2280 3476
277 170 315 205 X
577 167 885 203 PRAEFATIO
917 167 1176 202 LUDOVICI
1204 167 1438 203 ANTONII
1465 167 1775 203 MURATORII

274 301 287 315 “
301 303 393 330 fuerit,
413 302 580 333 potestatem
599 300 700 324 habeat
719 302 807 332 ipsam
828 299 1085 332 Congregationem
1105 299 1317 329 Monachorum,
1337 307 1405 331 quae
1423 300 1453 324 in
1473 301 1536 332 ipso
1555 300 1731 325 Monasterio
1747 300 1838 331 fuerit,
1856 300 1996 325 Abbatem
2009 301 2084 326 inter

275 351 325 374 “se
344 350 447 382 eligere
465 351 492 374 et
511 349 649 378 ordinare,
669 349 791 380 qualiter
811 349 955 373 voluerint
974 349 1047 373 alioz
1067 350 1106 372 sic
1127 349 1235 373 faciant
1259 355 1366 381 semper
1390 355 1438 380 per
1463 355 1560 373 omnes
1584 349 1667 378 biceS,
1686 349 1800 380 quando
1825 349 1963 373 Abbatem
1987 357 2081 374 eorum

276 399 426 423 “mortuus
447 398 541 423 fuerit.
576 397 619 422 Ita
639 400 669 421 ut
687 398 790 421 amodo
809 398 837 421 et
855 404 962 430 semper
980 397 1184 422 Monasterium
1209 398 1302 428 ipsum
1328 405 1389 421 cum
1415 397 1605 430 supradictam
1630 396 1886 429 Congregationem
1911 399 1940 422 et
1958 398 2082 422 Abbates

274 447 392 471 “eorum
412 454 473 470 cum
492 446 623 470 omnibus
643 445 814 478 supradictis
834 446 922 474 rebus,
947 447 974 470 et
994 453 1054 469 cum
1079 446 1145 470 aliis
1171 446 1260 477 rebus,
1285 453 1354 477 quas
1379 445 1408 469 in
1433 446 1598 477 supradicto
1624 445 1801 470 Monasterio
1825 446 2085 478 quomodocumque

275 495 288 508 “
300 496 395 519 datum
415 494 458 519 vel
478 495 605 518 offertum
626 495 719 522 fuerit,
739 501 845 525 semper
864 494 966 518 liberas
985 494 1130 518 absolutas
1144 496 1325 527 permaneant
1338 501 1354 518 a
1367 501 1431 526 pars
1445 493 1636 525 Reipublicae,
1649 495 1679 518 in
1691 501 1741 518 sua
1755 495 1897 526 potestate
1910 496 1937 518 et
1948 495 2083 519 arbitrio:

273 544 324 568 “et
343 551 393 567 nos
412 544 561 568 habeamus
580 544 747 575 potestatem
767 550 815 566 nec
836 550 888 566 nos
908 549 956 566 nec
977 543 1186 567 successoribus
1206 543 1311 567 nostris
1330 543 1430 567 exinde
1448 543 1550 567 tollere
1569 550 1618 566 nec
1638 544 1811 575 pensionem,
1831 550 1880 567 nec
1900 550 2022 572 censum,
2035 551 2084 567 nec

273 593 490 620 “Plateaticum,
511 599 560 615 nec
579 591 790 623 qualiscumque
809 591 964 621 sei-hstium,
990 598 1039 615 nec
1065 591 1217 616 dationem.
1255 591 1324 616 Item
1349 592 1527 616 concedimus
1552 591 1606 615 tibi
1633 591 1796 623 supradicto
1820 591 1931 616 Domne
1954 591 2084 616 Adelferl

272 643 284 655 “
297 641 417 666 Abbatis
435 642 507 665 totis
527 643 554 665 et
574 640 692 671 integris
712 640 801 664 albeis
820 641 848 664 in
869 640 1014 672 praedicto
1035 640 1136 670 flubio,
1155 642 1182 664 et
1201 640 1234 664 de
1253 642 1323 672 ipsis
1348 641 1426 665 ribus
1450 642 1477 664 et
1502 640 1675 670 ballonibus‚
1700 647 1761 664 curn
1786 640 1918 665 omnibus
1943 641 2024 673 ripis,
2050 648 2084 664 ex

273 690 418 721 “undique
437 690 563 722 partibus
582 689 687 713 ibidem
706 689 856 721 adjunctis,
875 696 937 712 cum
955 689 1086 713 omnibus
1106 689 1172 713 aliis
1191 689 1288 719 albeis,
1310 689 1477 713 fluminibus
1497 691 1523 713 et
1542 696 1686 721 aquarum,
1699 696 1769 720 quae
1782 689 1948 720 ubicumque
1967 689 2001 713 ad
2015 688 2084 713 alias

276 739 379 763 “rebus
398 738 535 771 praedicti
554 738 720 762 Monasterii
741 739 806 761 sunt
825 739 853 761 et
873 738 978 761 suerint
998 738 1172 770 conjunctas,
1191 740 1222 761 ut
1243 745 1348 770 semper
1367 740 1535 771 potestatem
1554 738 1656 762 habeat
1674 745 1739 770 pars
1759 738 1895 770 praedicti
1916 738 2084 762 Monasterii

276 789 328 812 “in
350 788 418 819 ipsis
438 787 525 811 albeis
545 786 700 810 clusamina
719 787 746 810 et
765 786 991 818 antepositiones
1012 787 1100 810 facere
1120 788 1147 810 et
1165 786 1275 815 habere,
1294 788 1322 810 et
1342 788 1372 810 in
1392 787 1463 818 ripis
1482 793 1576 810 earum
1596 786 1699 815 fodere,
1719 788 1746 810 et
1765 788 1846 817 aquis
1866 786 1935 819 ipsis
1954 786 2046 810 lebare
2058 788 2086 810 et

273 836 468 868 “extorquere
488 837 514 860 et
534 837 647 867 portare
666 842 714 866 per
734 836 804 867 ipsis
824 835 903 859 rebus
921 835 1012 867 ipsius
1031 835 1211 865 Monasterii,
1229 836 1277 859 ubi
1297 837 1346 859 aut
1365 835 1486 866 qualiter
1507 835 1660 864 voluerint,
1680 837 1707 860 et
1726 835 1834 859 molina
1852 837 1880 859 et
1908 842 2004 859 omnes
2023 841 2084 858 suas

273 886 285 898 ‘¹
297 885 437 909 utilitates
457 884 558 908 exinde
579 883 668 908 facere
687 885 714 907 et
733 884 841 912 habere,
861 883 983 914 qualiter
1002 890 1065 916 pars
1086 883 1224 916 praedicti
1244 884 1413 908 Monasterii
1432 883 1578 908 voluerint
1597 884 1699 915 absque
1722 884 1851 908 omnibus
1876 883 2085 908 contrarietati·

275 934 348 958 “bus
366 935 463 957 nostra
484 934 698 964 nostrorumque
717 939 906 956 successorum
927 933 970 956 vel
991 934 1120 964 cuiquam
1137 933 1293 957 hominum.

361 983 453 1006 “Item
472 982 651 1006 concedimus
670 981 725 1005 tibi
745 981 799 1005 iam
820 981 896 1004 dicto
916 981 1028 1005 Domno
1047 981 1178 1005 Adelferi
1199 981 1302 1006 Abbati
1324 982 1453 1006 omnibus
1474 982 1570 1006 liberis
1592 981 1651 1005 illis
1664 981 1835 1010 hominibus,
1848 982 1895 1013 qui
1910 982 1939 1005 in
1954 980 2085 1004 omnibus

275 1031 287 1045 ‘¹
301 1031 469 1064 supradictis
488 1031 567 1054 rebus
587 1032 661 1060 sunt,
682 1029 725 1053 vel
746 1029 850 1053 fuerint
870 1029 1036 1060 habitantes,
1057 1031 1087 1053 ut
1105 1037 1212 1061 semper
1231 1031 1290 1054 sint
1308 1030 1391 1054 liberi
1409 1030 1533 1054 absoluti
1552 1037 1567 1054 a
1586 1037 1649 1062 pars
1668 1028 1862 1062 Reipublicae;
1876 1031 1903 1053 et
1917 1036 1973 1053 non
1987 1029 2088 1053 habea-

276 1081 357 1104 “mus
376 1081 542 1112 potestatem
563 1086 612 1102 nec
632 1085 683 1102 nos
703 1085 751 1102 nec
771 1078 946 1102 Successores
966 1079 1079 1102 nostros
1098 1086 1195 1102 eorum
1215 1079 1316 1102 tollere
1335 1080 1382 1102 aut
1402 1079 1491 1103 facere
1509 1079 1611 1103 tollere
1629 1079 1803 1111 pensionem,
1826 1084 1874 1102 uec
1893 1077 2087 1106 PIateaticum,

275 1129 348 1154 “nec
369 1129 577 1160 qualiscumque
596 1135 686 1156 censa,
706 1128 749 1151 vel
771 1128 908 1156 dationes,
928 1134 976 1151 nec
996 1127 1121 1158 qualibet
1142 1127 1287 1152 serbitium
1307 1135 1401 1152 eorum
1421 1127 1528 1158 tollere,
1554 1129 1602 1151 aut
1628 1128 1781 1159 Imponere‚
1807 1126 1850 1151 vei
1876 1127 1986 1158 exigere
2005 1132 2085 1157 quae-

273 1179 401 1206 “rantun
421 1178 468 1202 sed
487 1185 594 1209 semper
613 1184 627 1201 a
648 1177 774 1208 partibus
793 1175 860 1200 Reis
879 1176 1001 1209 publicis
1020 1178 1110 1200 securi
1130 1178 1158 1200 et
1183 1177 1268 1200 liberi
1293 1177 1447 1208 persistant
1472 1176 1521 1201 sub
1546 1177 1710 1200 defensione
1735 1178 1763 1200 et
1788 1177 1963 1207 protectione
1981 1177 2086 1206 tuaque

272 1227 405 1251 “Domne
424 1226 554 1250 Adeiferi
573 1226 678 1249 Abbati
697 1227 724 1249 et
743 1226 775 1249 de
794 1225 1004 1250 Successoribus
1022 1227 1088 1256 tuis,
1108 1226 1155 1257 qui
1176 1227 1206 1250 in
1227 1226 1290 1258 ipso
1310 1225 1486 1250 Monasterio
1506 1225 1688 1258 praefuerint.
1724 1225 1888 1257 Pariterque
1908 1225 2085 1249 concedimus

274 1276 351 1301 “tibi
370 1276 532 1308 supradicto
551 1275 665 1298 Domno
684 1274 811 1298 Adelferi
829 1274 935 1298 Abbati
955 1274 1087 1299 licentias
1106 1275 1232 1298 habeatis
1252 1281 1304 1306 pro
1325 1275 1405 1299 rebus
1424 1276 1514 1300 nostri
1533 1275 1636 1300 Palatii
1652 1275 1696 1299 vel
1710 1274 1904 1299 Successorum
1924 1275 2086 1298 nostrorum

272 1325 346 1350 “vos
365 1327 392 1349 et
412 1324 566 1348 Monachos
585 1325 612 1347 et
631 1323 702 1354 ipsis
720 1323 787 1347 aliis
807 1324 909 1348 vestris
928 1323 1092 1348 hominibus
1112 1330 1159 1355 per
1178 1324 1248 1348 totis
1268 1326 1429 1348 montaneis
1449 1325 1605 1356 lignamina
1625 1324 1787 1348 abscindere
1805 1326 1833 1348 et
1851 1323 1951 1348 tollere
1969 1325 1997 1347 et
2022 1329 2086 1354 por-

278 1375 355 1399 “tare
375 1375 423 1398 ubi
443 1373 593 1397 volueritis
613 1379 664 1403 pro
685 1372 869 1401 utilitatibus,
888 1374 914 1396 et
934 1380 1003 1404 quae
1022 1380 1145 1404 congrue
1164 1375 1231 1396 sunt
1250 1373 1389 1405 praedicti
1408 1373 1574 1398 Monasterii
1604 1373 1763 1398 faciendum
1788 1373 1910 1405 qualiter
1929 1372 2083 1396 voluerint.

363 1421 475 1451 “Quam
496 1424 523 1446 et
542 1422 721 1445 concedimus
739 1421 793 1445 tibi
814 1422 976 1453 supradicto
995 1422 1109 1445 Domno
1129 1421 1255 1446 Adeli'eri
1277 1422 1381 1446 Abbati
1401 1429 1498 1446 omnes
1517 1429 1559 1447 res
1579 1424 1761 1452 mortuorum,
1781 1424 1808 1446 et
1827 1422 1908 1446 rebus
1928 1421 2020 1446 nostri
2033 1420 2087 1445 Pa-

278 1472 290 1485 “
301 1473 375 1501 latii,
393 1479 462 1503 quae
481 1471 557 1495 infra
576 1473 603 1494 et
622 1478 685 1502 erga
705 1470 786 1494 rebus
806 1471 894 1501 ipsius
916 1470 1083 1494 Monasterii
1102 1471 1176 1500 sunt,
1195 1470 1239 1494 vel
1261 1469 1374 1501 fuerint,
1402 1473 1432 1495 ut
1458 1478 1520 1504 pars
1546 1471 1636 1503 ipsius
1661 1470 1832 1495 Monasterii
1856 1470 1990 1495 securiter
2014 1468 2087 1493 illud

277 1522 399 1546 “habeat
420 1520 579 1545 faciendum
599 1520 673 1552 quod
694 1519 826 1544 voluerit.
863 1519 899 1544 Et
918 1521 940 1543 si
961 1520 1157 1551 qualicumque
1175 1521 1302 1552 tempore
1321 1519 1457 1544 acciderit
1476 1527 1539 1551 pars
1559 1520 1697 1551 praedicti
1722 1519 1890 1543 Monasterii
1915 1518 2087 1543 sacramenta

277 1568 290 1582 “
302 1571 367 1594 dare
386 1570 418 1593 de
437 1569 632 1601 qualicumque
651 1576 687 1597 re,
708 1575 764 1592 non
785 1569 913 1600 possiant
933 1576 982 1592 vos
1001 1568 1046 1592 vel
1065 1576 1237 1592 successores
1258 1570 1375 1598 vestros,
1395 1576 1446 1592 nos
1465 1571 1513 1593 aut
1531 1576 1702 1593 successores
1723 1570 1844 1598 nostros,
1858 1574 1906 1591 nec
1921 1567 2087 1599 qualiscum-

277 1618 352 1651 “que
371 1626 472 1643 umana
491 1625 609 1650 persona
629 1618 752 1642 Abbates
771 1617 815 1641 vei
835 1616 989 1640 Monachos
1008 1616 1097 1649 ipsius
1119 1616 1286 1640 Monasterii
1300 1617 1333 1640 ad
1352 1618 1526 1641 sacramenta
1545 1618 1605 1649 ipsa
1618 1616 1741 1640 dandum
1755 1623 1909 1648 provocare
1921 1617 1970 1640 aut
1982 1622 2089 1647 cogere,

275 1668 347 1692 “aut
365 1667 427 1691 illis
446 1667 601 1695 molestare,
621 1668 661 1690 set
680 1672 729 1699 per
748 1672 843 1689 omnes
862 1665 937 1689 vices
957 1665 1016 1688 illis
1035 1664 1130 1689 Laicis
1149 1665 1319 1693 hominibus,
1340 1665 1387 1696 qui
1408 1667 1436 1689 in
1458 1667 1520 1697 ipso
1539 1665 1714 1690 Monasterio
1732 1667 1759 1690 et
1779 1666 1807 1689 in
1827 1665 1906 1689 rebus
1926 1665 2016 1696 ipsius
2028 1663 2088 1687 Μο-

277 1717 419 1740 “nasterii
438 1718 503 1740 sunt
523 1716 564 1740 vel
587 1716 701 1743 suerint,
721 1714 815 1746 quales
834 1722 867 1737 cx
886 1714 946 1738 illis
966 1721 1030 1745 pars
1049 1714 1138 1746 ipsius
1157 1713 1325 1739 Monasterii
1349 1715 1500 1743 voluerint,
1520 1716 1694 1739 sacramenta
1707 1715 1769 1746 ipsa
1787 1715 1880 1747 jurare
1894 1713 2009 1740 faciant,
2022 1718 2089 1743 qua·

278 1764 290 1777 ‘⁴
302 1765 368 1789 liter
385 1765 426 1788 eis
445 1771 493 1797 per
512 1765 601 1796 legem
618 1764 773 1796 judicatum
795 1763 888 1791 fuerit,
908 1764 935 1787 et
955 1770 1061 1796 semper
1080 1763 1187 1787 firmum
1206 1763 1361 1795 stabileque
1380 1765 1570 1796 permaneant.

364 1814 375 1826 ‘⁴
387 1814 427 1837 As
446 1814 576 1837 omnibus
595 1812 765 1844 supradictis
785 1812 1023 1841 concessionibus,
1042 1813 1164 1843 qualiter
1182 1819 1265 1844 supra
1286 1813 1398 1844 legitur,
1419 1815 1450 1837 tu
1463 1801 1784 1845 supradictusDomnus
1803 1811 1963 1836 Adelferius
1983 1812 2010 1834 et
2023 1810 2087 1834 Suc-

277 1862 421 1886 “cessores
440 1864 514 1892 tuos,
532 1862 580 1892 qui
599 1863 629 1885 in
648 1862 711 1893 ipso
730 1861 902 1885 Monasterio
921 1861 1038 1885 Sanctae
1057 1861 1210 1885 Trinitatis
1223 1861 1407 1894 praefuerint,
1420 1862 1461 1885 ibi
1474 1861 1640 1890 habendum,
1653 1862 1864 1890 dominandum,
1878 1858 2087 1892 possidendum,

280 1912 329 1935 “et
347 1912 443 1935 omnia
463 1910 564 1935 exinde
585 1910 745 1934 faciendum
765 1910 837 1941 quod
857 1910 1022 1934 volueritis:
1043 1912 1069 1934 et
1088 1917 1104 1934 a
1123 1911 1203 1934 nullo
1223 1918 1256 1934 ex
1277 1911 1383 1934 nostris
1398 1910 1553 1942 Judicibus,
1573 1910 1742 1940 Comitibus‚
1761 1909 1898 1938 Sculdais,
1917 1906 2084 1938 Castaldeis,

278 1961 290 1973 “
302 1960 346 1984 vei
366 1968 380 1984 a
400 1960 618 1991 quibuscumque
638 1959 795 1990 Agentibus
814 1959 966 1990 patiamini
985 1959 1050 1983 inde
1070 1959 1282 1983 molestationes
1302 1961 1350 1982 aut
1369 1959 1594 1989 contrarietates,
1606 1960 1648 1983 set
1661 1966 1676 1982 a
1690 1957 1774 1982 modo
1787 1960 1814 1982 et
1827 1957 1958 1989 deinceps
1971 1963 2020 1990 per
2033 1962 2086 1979 unc

275 2007 288 2021 ¹⁴
300 2011 428 2032 nostrum
448 2008 596 2032 roboreum
616 2008 796 2039 Praeceptum
817 2009 929 2031 cunetas
948 2007 1125 2039 supradictas
1139 2009 1250 2032 nostras
1264 2009 1462 2031 concessiones
1475 2009 1606 2032 securIter
1619 2007 1746 2031 habeatis
1761 2008 1790 2030 in
1805 2006 1943 2038 praedicti
1963 2005 2082 2029 ratione.

364 2056 375 2068 ⁴⁴
389 2055 471 2084 Quod
492 2063 557 2080 vero
576 2057 755 2087 Praeceptum
776 2057 1006 2081 concessionibus
1025 2059 1051 2080 et
1072 2057 1244 2080 iussionibus
1263 2056 1491 2087 supradictorum
1512 2052 1713 2080 Gloriosorum
1732 2055 1897 2086 Principum
1916 2054 2017 2086 scripsi
2036 2060 2087 2085 ego

279 2106 478 2139 “Aceprandis
497 2105 624 2130 Clericus
643 2106 673 2129 in
693 2106 778 2129 Anno
797 2105 1078 2137 Trigesimoseptimo
1098 2105 1278 2137 Principatus
1297 2105 1452 2137 supradicti
1472 2106 1590 2130 Domini
1613 2105 1704 2129 nostri
1724 2104 1890 2132 Guaimarii,
1910 2105 1937 2127 et
1958 2102 2084 2134 Septimo

281 2155 293 2167 ‘¹
304 2155 388 2178 Anno
407 2154 585 2186 Principatus
604 2154 722 2178 Domini
745 2155 832 2178 nostri
859 2154 1018 2178 Guaimarii
1042 2155 1102 2178 eius
1127 2154 1204 2178 Filio
1231 2153 1377 2178 Gloriosis
1403 2154 1583 2185 Principibus
1607 2153 1640 2177 de
1665 2159 1758 2177 mense
1777 2153 1896 2177 Martius
1922 2152 1951 2176 in
1978 2151 2084 2176 octaba

281 2203 294 2216 ‘¹
303 2202 463 2227 Indictione
472 2220 497 2234 „-

763 2260 847 2284 Adest
865 2260 1002 2292 Sigillum,
1021 2261 1047 2284 in
1066 2261 1138 2285 cuius
1155 2269 1206 2285 una
1221 2263 1304 2291 parte
1328 2260 1426 2284 Manus
1446 2264 1542 2290 aperta
1560 2267 1616 2284 cum
1636 2259 1723 2284 literis

1101 2310 1292 2335 Guanmms
1310 2308 1465 2338 Piuucers,

964 2359 1002 2383 Et
1019 2359 1045 2382 in
1064 2359 1154 2382 altera
1173 2359 1280 2382 caedam
1298 2357 1395 2382 literae
1414 2360 1571 2388 repetuntur

365 2460 456 2486 Viden
475 2460 536 2485 heic
557 2460 703 2485 Ecclesiam
723 2468 738 2484 a
758 2461 827 2490 nobo,
846 2459 898 2483 hoc
917 2460 958 2483 est
977 2466 1044 2483 novo
1062 2458 1215 2488 fundamine
1233 2459 1422 2482 constructam
1441 2463 1490 2490 per
1509 2456 1600 2488 ipsum
1614 2454 1991 2479 Adelserium?Memoratur
2003 2452 2088 2477 etiam

283 2511 466 2543 Congregatio
484 2511 677 2538 Monaclmrum,
696 2517 771 2541 quam
790 2509 816 2532 in
835 2508 893 2538 ipsa
912 2509 1034 2532 Ecclesia
1054 2516 1214 2540 aggregare
1233 2507 1356 2538 coepisti:
1376 2506 1451 2538 Ergo
1472 2507 1536 2530 ante
1555 2505 1669 2529 Annum
1685 2509 1749 2534 10²5
1764 2503 1838 2527 iacta
1851 2502 1963 2534 quidem
1976 2501 2089 2526 fuerunt

284 2560 464 2585 fundamenta
483 2559 654 2583 celeberrimi
675 2557 851 2586 Monasterii,
870 2558 1022 2589 coeptaque
1038 2557 1262 2589 praeclarissima
1281 2556 1333 2580 illa
1351 2555 1555 2580 Monachorum
1575 2553 1778 2585 Congmgatio,
1798 2551 1844 2576 sed
1858 2558 1916 2575 non
1930 2550 2013 2582 longe
2026 2551 2089 2574 ante

282 2609 364 2633 illum
383 2609 505 2632 Annum.
541 2608 620 2631 Adeo
640 2613 706 2630 vero
725 2605 894 2630 Monasterii
913 2605 1048 2630 Cavensis
1068 2612 1169 2629 nomen
1189 2612 1220 2629 ac
1242 2605 1314 2629 fama
1333 2604 1419 2636 longe
1438 2604 1549 2634 lateque
1567 2609 1714 2635 progressa
1732 2602 1783 2631 est,
1802 2603 1833 2625 ut
1847 2601 1932 2625 ferme
1949 2598 2088 2624 Ecclesias

282 2656 340 2682 CD.
359 2657 415 2681 sibi
433 2657 570 2680 subiectas
590 2656 757 2687 procedente
775 2657 899 2687 tempore
922 2654 1057 2682 habuerit,
1078 2655 1151 2678 inter
1170 2661 1237 2685 quas
1257 2652 1431 2677 Monasteria
1449 2652 1602 2684 complura,
1615 2652 1675 2675 sive
1687 2651 1841 2678 Prioratus,
1861 2650 1921 2673 sive
1940 2648 2087 2675 Abbatiae‚

283 2708 313 2730 ut
332 2707 478 2738 propterea
497 2704 635 2729 Cavensis
654 2703 747 2728 Abbas
766 2702 957 2734 appellaretur
975 2703 1064 2727 Abbas
1082 2703 1202 2734 Alagnus
1221 2704 1248 2726 et
1266 2703 1349 2727 Prior
1369 2702 1489 2733 Magnus
1507 2699 1599 2724 Prior.
1635 2699 1728 2730 Atque
1748 2697 1813 2722 inde
1834 2697 2017 2729 Congregatio
2039 2696 2089 2720 Ca·

283 2755 370 2778 vensis
390 2754 520 2784 invaluit,
538 2754 690 2777 memorata
711 2753 738 2776 in
759 2751 933 2783 DipIomatis
952 2751 1029 2774 Petri
1047 2750 1263 2783 Archiepiscopi
1283 2749 1456 2774 Salernitani
1477 2749 1562 2772 Anno
1584 2753 1649 2779 1147
1669 2749 1696 2771 et
1715 2745 1813 2771 Caroli
1830 2745 1856 2770 11
1874 2745 1990 2770 Siciliae
2001 2743 2088 2776 Regis

283 2802 369 2826 Anno
391 2809 464 2834 1304.
500 2802 592 2833 Ipsum
613 2800 706 2825 Cavne
725 2800 867 2832 Oppidum
887 2800 1024 2825 Civitatis
1044 2799 1203 2831 insignibus
1217 2805 1247 2823 ac
1266 2797 1380 2822 nomine
1399 2798 1561 2822 decoratum
1583 2795 1637 2820 suit
1652 2803 1666 2819 a
1685 2794 1835 2819 Bonifacio
1854 2792 1892 2817 IX
1909 2792 1993 2825 Papa,
2006 2793 2090 2822 atque

283 2858 338 2875 una
357 2858 419 2875 cum
439 2850 535 2875 multis
554 2849 657 2878 Terris,
681 2848 788 2874 Castris
807 2850 834 2873 et
853 2847 1002 2872 Casalibus
1021 2848 1125 2872 Abbati
1143 2846 1313 2871 Monasterii
1332 2845 1469 2871 Cavensis
1488 2846 1640 2878 subjectum
1659 2846 1716 2868 tam
1736 2843 1766 2867 in
1786 2841 1987 2874 temporalibus
2006 2846 2087 2872 quam

284 2900 312 2923 in
333 2899 538 2932 spiritualibus.
575 2897 631 2926 Qui
651 2898 730 2930 plura
750 2898 828 2928 petit,
849 2897 997 2928 Ughellum
1017 2896 1096 2920 adeat
1114 2895 1195 2920 Tom.
1214 2894 1266 2919 vn
1285 2902 1346 2928 pag.
1367 2901 1425 2926 511,
1446 2895 1546 2919 Italiae
1565 2893 1673 2922 Sacrae,
1693 2892 1882 2924 Margarinum
1906 2890 1938 2914 in
1962 2888 2088 2913 Bullario

285 2947 434 2973 Casinensi
451 2950 479 2972 et
498 2947 698 2972 Mabillonium
718 2947 749 2970 in
769 2946 927 2970 Annalibus
947 2945 1148 2970 Benedictinis.

2119 743 2149 760 10

2119 984 2147 1010 ι5

2117 1229 2150 1247 20

2118 1473 2150 1500 ²5

2117 1716 2152 1742 30

2117 1959 2149 1986 3⁵

2116 2204 2151 2230 40

2119 2506 2152 2532 45

2119 2749 2152 2775 50
