<?xml version="1.0" encoding="UTF-8"?>
<!DOCTYPE html PUBLIC "-//W3C//DTD XHTML 1.0 Transitional//EN"
    "http://www.w3.org/TR/xhtml1/DTD/xhtml1-transitional.dtd">
<html xmlns="http://www.w3.org/1999/xhtml" xml:lang="en" lang="en">
 <head>
  <title>
</title>
<meta http-equiv="Content-Type" content="text/html;charset=utf-8" />
  <meta name='ocr-system' content='tesseract 3.04.00' />
  <meta name='ocr-capabilities' content='ocr_page ocr_carea ocr_par ocr_line ocrx_word'/>
</head>
<body>
  <div class='ocr_page' id='page_1' title='image "./p5rerumitalicaru06murauoft_0045.png"; bbox 0 0 2300 3554; ppageno 0'>
   <div class='ocr_carea' id='block_1_1' title="bbox 376 224 1962 267">
    <p class='ocr_par' dir='ltr' id='par_1_1' title="bbox 376 224 1962 267">
     <span class='ocr_line' id='line_1_1' title="bbox 376 224 1962 267; baseline -0.004 -4"><span class='ocrx_word' id='word_1_1' title='bbox 376 228 539 264; x_wconf 88' lang='lat' dir='ltr'>VITAE</span> <span class='ocrx_word' id='word_1_2' title='bbox 567 227 827 267; x_wconf 89' lang='lat' dir='ltr'><strong>QUATUOR</strong></span> <span class='ocrx_word' id='word_1_3' title='bbox 859 226 1100 262; x_wconf 78' lang='lat' dir='ltr'>PRIORUM</span> <span class='ocrx_word' id='word_1_4' title='bbox 1132 226 1386 261; x_wconf 78' lang='lat' dir='ltr'><strong>ABBATUM</strong></span> <span class='ocrx_word' id='word_1_5' title='bbox 1418 224 1724 260; x_wconf 80' lang='lat' dir='ltr'>CAVENSIUM</span> <span class='ocrx_word' id='word_1_6' title='bbox 1918 224 1962 257; x_wconf 76' lang='lat'>25</span> 
     </span>
    </p>
   </div>
   <div class='ocr_carea' id='block_1_2' title="bbox 75 356 1979 1837">
    <p class='ocr_par' dir='ltr' id='par_1_2' title="bbox 137 356 1969 562">
     <span class='ocr_line' id='line_1_2' title="bbox 138 356 1966 402; baseline -0.002 -12"><span class='ocrx_word' id='word_1_7' title='bbox 138 358 257 391; x_wconf 90' lang='lat' dir='ltr'>videre</span> <span class='ocrx_word' id='word_1_8' title='bbox 285 369 352 392; x_wconf 89' lang='lat' dir='ltr'>non</span> <span class='ocrx_word' id='word_1_9' title='bbox 376 365 544 402; x_wconf 85' lang='lat' dir='ltr'>poterant.</span> <span class='ocrx_word' id='word_1_10' title='bbox 592 359 672 391; x_wconf 77' lang='lat' dir='ltr'>Pius</span> <span class='ocrx_word' id='word_1_11' title='bbox 695 364 807 391; x_wconf 85' lang='lat' dir='ltr'>autem</span> <span class='ocrx_word' id='word_1_12' title='bbox 833 365 930 400; x_wconf 80' lang='lat' dir='ltr'>pater</span> <span class='ocrx_word' id='word_1_13' title='bbox 954 358 1172 399; x_wconf 80' lang='lat' dir='ltr'>intellegens,</span> <span class='ocrx_word' id='word_1_14' title='bbox 1198 357 1290 400; x_wconf 86' lang='lat' dir='ltr'>quod</span> <span class='ocrx_word' id='word_1_15' title='bbox 1316 357 1465 388; x_wconf 82' lang='lat' dir='ltr'>moriens</span> <span class='ocrx_word' id='word_1_16' title='bbox 1484 357 1591 388; x_wconf 62' lang='lat' dir='ltr'>fratr-r</span> <span class='ocrx_word' id='word_1_17' title='bbox 1610 357 1728 387; x_wconf 83' lang='lat' dir='ltr'>videre</span> <span class='ocrx_word' id='word_1_18' title='bbox 1754 356 1848 387; x_wconf 84' lang='lat' dir='ltr'>aliud</span> <span class='ocrx_word' id='word_1_19' title='bbox 1866 366 1966 398; x_wconf 87' lang='lat' dir='ltr'>quarn</span> 
     </span>
     <span class='ocr_line' id='line_1_3' title="bbox 139 410 1969 455; baseline -0.003 -11"><span class='ocrx_word' id='word_1_20' title='bbox 139 412 297 444; x_wconf 79' lang='lat' dir='ltr'>viventes</span> <span class='ocrx_word' id='word_1_21' title='bbox 320 418 470 454; x_wconf 75' lang='lat' dir='ltr'><strong>possent,</strong></span> <span class='ocrx_word' id='word_1_22' title='bbox 496 423 618 455; x_wconf 80' lang='lat' dir='ltr'>aquam</span> <span class='ocrx_word' id='word_1_23' title='bbox 643 412 870 443; x_wconf 69' lang='lat' dir='ltr'>exorciratam</span> <span class='ocrx_word' id='word_1_24' title='bbox 896 412 958 443; x_wconf 92' lang='lat' dir='ltr'>sibi</span> <span class='ocrx_word' id='word_1_25' title='bbox 984 411 1102 443; x_wconf 76' lang='lat' dir='ltr'>afferri</span> <span class='ocrx_word' id='word_1_26' title='bbox 1127 411 1232 447; x_wconf 89' lang='lat' dir='ltr'>iussit,</span> <span class='ocrx_word' id='word_1_27' title='bbox 1250 422 1317 452; x_wconf 83' lang='lat' dir='ltr'>qua</span> <span class='ocrx_word' id='word_1_28' title='bbox 1334 410 1504 452; x_wconf 74' lang='lat' dir='ltr'>profecto,</span> <span class='ocrx_word' id='word_1_29' title='bbox 1529 412 1606 441; x_wconf 86' lang='lat' dir='ltr'>dum</span> <span class='ocrx_word' id='word_1_30' title='bbox 1633 410 1764 440; x_wconf 78' lang='lat' dir='ltr'>orando</span> <span class='ocrx_word' id='word_1_31' title='bbox 1783 419 1969 450; x_wconf 81' lang='lat' dir='ltr'>aspergens</span> 
     </span>
     <span class='ocr_line' id='line_1_4' title="bbox 138 463 1967 508; baseline -0.002 -12"><span class='ocrx_word' id='word_1_32' title='bbox 138 465 322 497; x_wconf 78' lang='lat' dir='ltr'>fenestram</span> <span class='ocrx_word' id='word_1_33' title='bbox 347 471 513 508; x_wconf 83' lang='lat' dir='ltr'>tangeret,</span> <span class='ocrx_word' id='word_1_34' title='bbox 539 465 670 508; x_wconf 83' lang='lat' dir='ltr'>nigram</span> <span class='ocrx_word' id='word_1_35' title='bbox 695 465 786 496; x_wconf 86' lang='lat' dir='ltr'>illam</span> <span class='ocrx_word' id='word_1_36' title='bbox 806 476 902 496; x_wconf 84' lang='lat' dir='ltr'>avem</span> <span class='ocrx_word' id='word_1_37' title='bbox 921 465 1076 506; x_wconf 81' lang='lat' dir='ltr'>protinus</span> <span class='ocrx_word' id='word_1_38' title='bbox 1093 464 1292 496; x_wconf 72' lang='lat' dir='ltr'>discedere&#39;</span> <span class='ocrx_word' id='word_1_39' title='bbox 1311 464 1399 495; x_wconf 71' lang='lat' dir='ltr'>idern</span> <span class='ocrx_word' id='word_1_40' title='bbox 1418 464 1566 495; x_wconf 85' lang='lat' dir='ltr'>moriens</span> <span class='ocrx_word' id='word_1_41' title='bbox 1583 463 1678 494; x_wconf 85' lang='lat' dir='ltr'>vidit.</span> <span class='ocrx_word' id='word_1_42' title='bbox 1724 463 1879 504; x_wconf 72' lang='lat' dir='ltr'>Cumque</span> <span class='ocrx_word' id='word_1_43' title='bbox 1895 463 1967 494; x_wconf 80' lang='lat' dir='ltr'>Deo</span> 
     </span>
     <span class='ocr_line' id='line_1_5' title="bbox 137 515 1969 562; baseline -0.002 -12"><span class='ocrx_word' id='word_1_44' title='bbox 137 519 265 562; x_wconf 75' lang='lat' dir='ltr'>gratias</span> <span class='ocrx_word' id='word_1_45' title='bbox 289 525 418 561; x_wconf 83' lang='lat' dir='ltr'>ageret,</span> <span class='ocrx_word' id='word_1_46' title='bbox 442 525 561 550; x_wconf 83' lang='lat' dir='ltr'>sancta</span> <span class='ocrx_word' id='word_1_47' title='bbox 584 518 657 549; x_wconf 86' lang='lat' dir='ltr'>eius</span> <span class='ocrx_word' id='word_1_48' title='bbox 682 518 792 550; x_wconf 78' lang='lat' dir='ltr'>anima</span> <span class='ocrx_word' id='word_1_49' title='bbox 818 528 920 549; x_wconf 85' lang='lat' dir='ltr'>earne</span> <span class='ocrx_word' id='word_1_50' title='bbox 953 518 1063 549; x_wconf 75' lang='lat' dir='ltr'>soluta</span> <span class='ocrx_word' id='word_1_51' title='bbox 1089 523 1149 548; x_wconf 88' lang='lat' dir='ltr'>est.</span> <span class='ocrx_word' id='word_1_52' title='bbox 1195 517 1296 548; x_wconf 86' lang='lat' dir='ltr'>Tunc</span> <span class='ocrx_word' id='word_1_53' title='bbox 1331 518 1454 548; x_wconf 81' lang='lat' dir='ltr'>fratres</span> <span class='ocrx_word' id='word_1_54' title='bbox 1485 516 1651 557; x_wconf 62' lang='lat' dir='ltr'>colligere</span> <span class='ocrx_word' id='word_1_55' title='bbox 1685 522 1860 557; x_wconf 80' lang='lat' dir='ltr'>ceperunt,</span> <span class='ocrx_word' id='word_1_56' title='bbox 1891 515 1969 557; x_wconf 83' lang='lat' dir='ltr'>quia</span> 
     </span>
    </p>

    <p class='ocr_par' dir='ltr' id='par_1_3' title="bbox 95 568 1971 826">
     <span class='ocr_line' id='line_1_6' title="bbox 95 568 1970 613; baseline -0.002 -11"><span class='ocrx_word' id='word_1_57' title='bbox 95 570 114 602; x_wconf 88' lang='grc'><em>5</em></span> <span class='ocrx_word' id='word_1_58' title='bbox 138 571 324 604; x_wconf 85' lang='lat' dir='ltr'>ministerio</span> <span class='ocrx_word' id='word_1_59' title='bbox 348 571 536 603; x_wconf 87' lang='lat' dir='ltr'>venerandi</span> <span class='ocrx_word' id='word_1_60' title='bbox 560 571 667 613; x_wconf 87' lang='lat' dir='ltr'>patris</span> <span class='ocrx_word' id='word_1_61' title='bbox 689 571 725 602; x_wconf 88' lang='lat' dir='ltr'>in</span> <span class='ocrx_word' id='word_1_62' title='bbox 750 571 888 602; x_wconf 87' lang='lat' dir='ltr'>horrida</span> <span class='ocrx_word' id='word_1_63' title='bbox 913 582 975 602; x_wconf 85' lang='lat' dir='ltr'>ave</span> <span class='ocrx_word' id='word_1_64' title='bbox 1002 571 1109 602; x_wconf 89' lang='lat' dir='ltr'>malus</span> <span class='ocrx_word' id='word_1_65' title='bbox 1132 570 1274 612; x_wconf 81' lang='lat' dir='ltr'>angelus</span> <span class='ocrx_word' id='word_1_66' title='bbox 1299 570 1450 601; x_wconf 76' lang='lat' dir='ltr'><strong>recessit.</strong></span> <span class='ocrx_word' id='word_1_67' title='bbox 1498 570 1611 601; x_wconf 72' lang='lat' dir='ltr'>Bonus</span> <span class='ocrx_word' id='word_1_68' title='bbox 1629 570 1661 600; x_wconf 90' lang='lat' dir='ltr'>in</span> <span class='ocrx_word' id='word_1_69' title='bbox 1681 569 1825 610; x_wconf 81' lang='lat' dir='ltr'>pulchra</span> <span class='ocrx_word' id='word_1_70' title='bbox 1849 569 1891 599; x_wconf 88' lang='lat' dir='ltr'>ad</span> <span class='ocrx_word' id='word_1_71' title='bbox 1909 568 1970 599; x_wconf 92' lang='lat' dir='ltr'>du-</span> 
     </span>
     <span class='ocr_line' id='line_1_7' title="bbox 137 623 1970 667; baseline -0.003 -11"><span class='ocrx_word' id='word_1_72' title='bbox 137 630 251 657; x_wconf 89' lang='lat' dir='ltr'>catum</span> <span class='ocrx_word' id='word_1_73' title='bbox 275 624 488 667; x_wconf 91' lang='lat' dir='ltr'>prebendum</span> <span class='ocrx_word' id='word_1_74' title='bbox 513 624 624 656; x_wconf 91' lang='lat' dir='ltr'>electe</span> <span class='ocrx_word' id='word_1_75' title='bbox 650 624 760 655; x_wconf 85' lang='lat' dir='ltr'>anime</span> <span class='ocrx_word' id='word_1_76' title='bbox 787 624 959 655; x_wconf 72' lang='lat' dir='ltr'>remansit.</span> <span class='ocrx_word' id='word_1_77' title='bbox 1006 623 1075 662; x_wconf 90' lang='lat' dir='ltr'>Qui</span> <span class='ocrx_word' id='word_1_78' title='bbox 1100 624 1168 655; x_wconf 89' lang='lat' dir='ltr'>alio</span> <span class='ocrx_word' id='word_1_79' title='bbox 1193 623 1380 654; x_wconf 81' lang='lat' dir='ltr'>recedente</span> <span class='ocrx_word' id='word_1_80' title='bbox 1405 634 1480 654; x_wconf 88' lang='lat' dir='ltr'>earn</span> <span class='ocrx_word' id='word_1_81' title='bbox 1505 623 1628 658; x_wconf 80' lang='lat' dir='ltr'>statim,</span> <span class='ocrx_word' id='word_1_82' title='bbox 1647 629 1682 653; x_wconf 86' lang='lat' dir='ltr'>ut</span> <span class='ocrx_word' id='word_1_83' title='bbox 1700 623 1742 653; x_wconf 82' lang='lat' dir='ltr'>de</span> <span class='ocrx_word' id='word_1_84' title='bbox 1761 632 1903 663; x_wconf 77' lang='lat' dir='ltr'>corpore¹</span> <span class='ocrx_word' id='word_1_85' title='bbox 1922 628 1970 652; x_wconf 79' lang='lat' dir='ltr'>est</span> 
     </span>
     <span class='ocr_line' id='line_1_8' title="bbox 139 674 1969 721; baseline -0.003 -11"><span class='ocrx_word' id='word_1_86' title='bbox 139 687 285 721; x_wconf 84' lang='lat' dir='ltr'>egressa,</span> <span class='ocrx_word' id='word_1_87' title='bbox 310 678 353 709; x_wconf 89' lang='lat' dir='ltr'>ad</span> <span class='ocrx_word' id='word_1_88' title='bbox 377 684 496 711; x_wconf 84' lang='lat' dir='ltr'>eterna</span> <span class='ocrx_word' id='word_1_89' title='bbox 519 677 648 720; x_wconf 85' lang='lat' dir='ltr'>gaudia</span> <span class='ocrx_word' id='word_1_90' title='bbox 673 677 913 709; x_wconf 85' lang='lat' dir='ltr'>deducendam</span> <span class='ocrx_word' id='word_1_91' title='bbox 937 678 1098 719; x_wconf 82' lang='lat' dir='ltr'>suscepit.</span> <span class='ocrx_word' id='word_1_92' title='bbox 1146 677 1233 708; x_wconf 88' lang='lat' dir='ltr'>Nam</span> <span class='ocrx_word' id='word_1_93' title='bbox 1258 677 1350 708; x_wconf 90' lang='lat' dir='ltr'>idem</span> <span class='ocrx_word' id='word_1_94' title='bbox 1376 677 1483 707; x_wconf 80' lang='lat' dir='ltr'>frater</span> <span class='ocrx_word' id='word_1_95' title='bbox 1508 682 1583 717; x_wconf 74' lang='lat' dir='ltr'>post</span> <span class='ocrx_word' id='word_1_96' title='bbox 1615 676 1808 717; x_wconf 78' lang='lat' dir='ltr'>aliquantos</span> <span class='ocrx_word' id='word_1_97' title='bbox 1838 674 1913 706; x_wconf 74' lang='lat' dir='ltr'>dies</span> <span class='ocrx_word' id='word_1_98' title='bbox 1938 675 1969 705; x_wconf 91' lang='lat' dir='ltr'>in</span> 
     </span>
     <span class='ocr_line' id='line_1_9' title="bbox 137 728 1971 775; baseline -0.003 -12"><span class='ocrx_word' id='word_1_99' title='bbox 137 737 231 763; x_wconf 82' lang='lat' dir='ltr'>veste</span> <span class='ocrx_word' id='word_1_100' title='bbox 257 730 405 775; x_wconf 75' lang='lat' dir='ltr'>fulgenti</span> <span class='ocrx_word' id='word_1_101' title='bbox 429 731 565 764; x_wconf 90' lang='lat' dir='ltr'>cuidam</span> <span class='ocrx_word' id='word_1_102' title='bbox 589 730 774 762; x_wconf 83' lang='lat' dir='ltr'>dormienti</span> <span class='ocrx_word' id='word_1_103' title='bbox 799 731 971 772; x_wconf 86' lang='lat' dir='ltr'>apparuit,</span> <span class='ocrx_word' id='word_1_104' title='bbox 996 737 1029 761; x_wconf 91' lang='lat' dir='ltr'>et</span> <span class='ocrx_word' id='word_1_105' title='bbox 1055 730 1121 761; x_wconf 90' lang='lat' dir='ltr'>iam</span> <span class='ocrx_word' id='word_1_106' title='bbox 1147 730 1288 762; x_wconf 90' lang='lat' dir='ltr'>dubium</span> <span class='ocrx_word' id='word_1_107' title='bbox 1323 740 1387 760; x_wconf 86' lang='lat' dir='ltr'>non</span> <span class='ocrx_word' id='word_1_108' title='bbox 1417 729 1492 766; x_wconf 77' lang='lat' dir='ltr'>fuit,</span> <span class='ocrx_word' id='word_1_109' title='bbox 1525 729 1615 770; x_wconf 86' lang='lat' dir='ltr'>quod</span> <span class='ocrx_word' id='word_1_110' title='bbox 1641 740 1658 759; x_wconf 84' lang='lat' dir='ltr'>a</span> <span class='ocrx_word' id='word_1_111' title='bbox 1684 728 1773 759; x_wconf 90' lang='lat' dir='ltr'>bono</span> <span class='ocrx_word' id='word_1_112' title='bbox 1798 729 1885 759; x_wconf 86' lang='lat' dir='ltr'>duce</span> <span class='ocrx_word' id='word_1_113' title='bbox 1917 738 1971 757; x_wconf 82' lang='lat' dir='ltr'>su-</span> 
     </span>
     <span class='ocr_line' id='line_1_10' title="bbox 137 783 1343 826; baseline -0.002 -10"><span class='ocrx_word' id='word_1_114' title='bbox 137 789 288 826; x_wconf 88' lang='lat' dir='ltr'>sceptus,</span> <span class='ocrx_word' id='word_1_115' title='bbox 313 784 356 816; x_wconf 88' lang='lat' dir='ltr'>ad</span> <span class='ocrx_word' id='word_1_116' title='bbox 381 790 500 816; x_wconf 86' lang='lat' dir='ltr'>eterna</span> <span class='ocrx_word' id='word_1_117' title='bbox 521 783 650 826; x_wconf 86' lang='lat' dir='ltr'>gaudia</span> <span class='ocrx_word' id='word_1_118' title='bbox 674 784 717 814; x_wconf 85' lang='lat' dir='ltr'>ab</span> <span class='ocrx_word' id='word_1_119' title='bbox 742 783 807 815; x_wconf 87' lang='lat' dir='ltr'>hoc</span> <span class='ocrx_word' id='word_1_120' title='bbox 832 784 936 815; x_wconf 88' lang='lat' dir='ltr'>exilio</span> <span class='ocrx_word' id='word_1_121' title='bbox 961 790 1153 825; x_wconf 85' lang='lat' dir='ltr'>assumptus</span> <span class='ocrx_word' id='word_1_122' title='bbox 1177 783 1343 815; x_wconf 88' lang='lat' dir='ltr'>ascendit.</span> 
     </span>
    </p>

    <p class='ocr_par' dir='ltr' id='par_1_4' title="bbox 76 835 1973 1092">
     <span class='ocr_line' id='line_1_11' title="bbox 76 835 1971 879; baseline -0.003 -9"><span class='ocrx_word' id='word_1_123' title='bbox 76 837 116 870; x_wconf 89' lang='lat'>10</span> <span class='ocrx_word' id='word_1_124' title='bbox 226 835 297 869; x_wconf 89' lang='lat' dir='ltr'>Sed</span> <span class='ocrx_word' id='word_1_125' title='bbox 323 848 433 879; x_wconf 86' lang='lat' dir='ltr'>neque</span> <span class='ocrx_word' id='word_1_126' title='bbox 458 836 544 869; x_wconf 91' lang='lat' dir='ltr'>illud</span> <span class='ocrx_word' id='word_1_127' title='bbox 567 835 736 868; x_wconf 90' lang='lat' dir='ltr'>silendum</span> <span class='ocrx_word' id='word_1_128' title='bbox 762 843 854 878; x_wconf 84' lang='lat' dir='ltr'>puto,</span> <span class='ocrx_word' id='word_1_129' title='bbox 880 837 971 879; x_wconf 93' lang='lat' dir='ltr'>quod</span> <span class='ocrx_word' id='word_1_130' title='bbox 995 836 1135 879; x_wconf 89' lang='lat' dir='ltr'>quidam</span> <span class='ocrx_word' id='word_1_131' title='bbox 1159 836 1322 868; x_wconf 75' lang='lat' dir='ltr'>secularis</span> <span class='ocrx_word' id='word_1_132' title='bbox 1348 837 1381 867; x_wconf 91' lang='lat' dir='ltr'>in</span> <span class='ocrx_word' id='word_1_133' title='bbox 1405 836 1591 867; x_wconf 89' lang='lat' dir='ltr'>cemi&#39;terio</span> <span class='ocrx_word' id='word_1_134' title='bbox 1617 836 1725 867; x_wconf 90' lang='lat' dir='ltr'>veteri</span> <span class='ocrx_word' id='word_1_135' title='bbox 1751 835 1842 865; x_wconf 84' lang='lat' dir='ltr'>iuxta</span> <span class='ocrx_word' id='word_1_136' title='bbox 1859 844 1971 865; x_wconf 72' lang='lat' dir='ltr'>carne-</span> 
     </span>
     <span class='ocr_line' id='line_1_12' title="bbox 138 887 1970 932; baseline -0.002 -10"><span class='ocrx_word' id='word_1_137' title='bbox 138 901 211 922; x_wconf 84' lang='lat' dir='ltr'>ram</span> <span class='ocrx_word' id='word_1_138' title='bbox 235 889 441 922; x_wconf 83' lang='lat' dir='ltr'>venerabilis</span> <span class='ocrx_word' id='word_1_139' title='bbox 465 889 529 921; x_wconf 90' lang='lat' dir='ltr'>viri</span> <span class='ocrx_word' id='word_1_140' title='bbox 556 889 652 920; x_wconf 86' lang='lat' dir='ltr'>huius</span> <span class='ocrx_word' id='word_1_141' title='bbox 675 889 841 931; x_wconf 88' lang='lat' dir='ltr'>sepultus,</span> <span class='ocrx_word' id='word_1_142' title='bbox 867 901 927 932; x_wconf 72' lang='lat' dir='ltr'>per</span> <span class='ocrx_word' id='word_1_143' title='bbox 953 896 1072 921; x_wconf 87' lang='lat' dir='ltr'>noctes</span> <span class='ocrx_word' id='word_1_144' title='bbox 1101 890 1263 931; x_wconf 86' lang='lat' dir='ltr'>plurimas</span> <span class='ocrx_word' id='word_1_145' title='bbox 1294 890 1462 921; x_wconf 79' lang='lat' dir='ltr'>clamores</span> <span class='ocrx_word' id='word_1_146' title='bbox 1498 896 1599 932; x_wconf 76' lang='lat' dir='ltr'>atque</span> <span class='ocrx_word' id='word_1_147' title='bbox 1633 888 1777 919; x_wconf 79' lang='lat' dir='ltr'>eiulatus</span> <span class='ocrx_word' id='word_1_148' title='bbox 1810 887 1970 918; x_wconf 76' lang='lat' dir='ltr'>emiserit.</span> 
     </span>
     <span class='ocr_line' id='line_1_13' title="bbox 138 941 1971 986; baseline -0.002 -11"><span class='ocrx_word' id='word_1_149' title='bbox 138 943 294 986; x_wconf 88' lang='lat' dir='ltr'>Cumque</span> <span class='ocrx_word' id='word_1_150' title='bbox 317 943 432 985; x_wconf 87' lang='lat' dir='ltr'>sepius</span> <span class='ocrx_word' id='word_1_151' title='bbox 457 943 566 981; x_wconf 87' lang='lat' dir='ltr'>fieret,</span> <span class='ocrx_word' id='word_1_152' title='bbox 589 949 622 974; x_wconf 93' lang='lat' dir='ltr'>et</span> <span class='ocrx_word' id='word_1_153' title='bbox 647 945 844 974; x_wconf 87' lang='lat' dir='ltr'>venerando</span> <span class='ocrx_word' id='word_1_154' title='bbox 862 943 950 984; x_wconf 89' lang='lat' dir='ltr'>patri</span> <span class='ocrx_word' id='word_1_155' title='bbox 968 954 1035 975; x_wconf 93' lang='lat' dir='ltr'>non</span> <span class='ocrx_word' id='word_1_156' title='bbox 1054 954 1173 985; x_wconf 88' lang='lat' dir='ltr'>parum</span> <span class='ocrx_word' id='word_1_157' title='bbox 1198 942 1357 974; x_wconf 87' lang='lat' dir='ltr'>molestus</span> <span class='ocrx_word' id='word_1_158' title='bbox 1374 949 1474 979; x_wconf 84' lang='lat' dir='ltr'>esset,</span> <span class='ocrx_word' id='word_1_159' title='bbox 1493 949 1593 974; x_wconf 90' lang='lat' dir='ltr'>nocte</span> <span class='ocrx_word' id='word_1_160' title='bbox 1611 942 1769 984; x_wconf 90' lang='lat' dir='ltr'>quadam,</span> <span class='ocrx_word' id='word_1_161' title='bbox 1788 952 1865 973; x_wconf 91' lang='lat' dir='ltr'>cum</span> <span class='ocrx_word' id='word_1_162' title='bbox 1883 941 1971 971; x_wconf 91' lang='lat' dir='ltr'>idem</span> 
     </span>
     <span class='ocr_line' id='line_1_14' title="bbox 139 993 1972 1037; baseline -0.003 -9"><span class='ocrx_word' id='word_1_163' title='bbox 139 995 268 1028; x_wconf 88' lang='lat' dir='ltr'>clamor</span> <span class='ocrx_word' id='word_1_164' title='bbox 291 1002 325 1028; x_wconf 86' lang='lat' dir='ltr'>et</span> <span class='ocrx_word' id='word_1_165' title='bbox 344 995 489 1027; x_wconf 87' lang='lat' dir='ltr'>eiulatus</span> <span class='ocrx_word' id='word_1_166' title='bbox 514 995 607 1027; x_wconf 86' lang='lat' dir='ltr'>circa</span> <span class='ocrx_word' id='word_1_167' title='bbox 631 995 745 1026; x_wconf 90' lang='lat' dir='ltr'>miseri</span> <span class='ocrx_word' id='word_1_168' title='bbox 772 996 918 1027; x_wconf 89' lang='lat' dir='ltr'>hominis</span> <span class='ocrx_word' id='word_1_169' title='bbox 941 996 1030 1027; x_wconf 84' lang='lat' dir='ltr'>illius</span> <span class='ocrx_word' id='word_1_170' title='bbox 1053 995 1272 1037; x_wconf 81' lang='lat' dir='ltr'>sepulchrum</span> <span class='ocrx_word' id='word_1_171' title='bbox 1297 996 1407 1033; x_wconf 85' lang='lat' dir='ltr'>tieret,</span> <span class='ocrx_word' id='word_1_172' title='bbox 1430 1002 1528 1037; x_wconf 87' lang='lat' dir='ltr'>pater</span> <span class='ocrx_word' id='word_1_173' title='bbox 1559 994 1602 1026; x_wconf 87' lang='lat' dir='ltr'>ab</span> <span class='ocrx_word' id='word_1_174' title='bbox 1627 995 1781 1026; x_wconf 79' lang='lat' dir='ltr'>oratione</span> <span class='ocrx_word' id='word_1_175' title='bbox 1814 993 1972 1029; x_wconf 85' lang='lat' dir='ltr'>surrexit,</span> 
     </span>
     <span class='ocr_line' id='line_1_15' title="bbox 139 1047 1973 1092; baseline -0.002 -11"><span class='ocrx_word' id='word_1_176' title='bbox 139 1049 234 1081; x_wconf 78' lang='lat' dir='ltr'>foras</span> <span class='ocrx_word' id='word_1_177' title='bbox 257 1048 362 1081; x_wconf 82' lang='lat' dir='ltr'>exivit</span> <span class='ocrx_word' id='word_1_178' title='bbox 386 1058 452 1080; x_wconf 87' lang='lat' dir='ltr'>non</span> <span class='ocrx_word' id='word_1_179' title='bbox 477 1048 549 1080; x_wconf 88' lang='lat' dir='ltr'>sine</span> <span class='ocrx_word' id='word_1_180' title='bbox 575 1058 698 1092; x_wconf 86' lang='lat' dir='ltr'>magna</span> <span class='ocrx_word' id='word_1_181' title='bbox 723 1049 960 1091; x_wconf 84' lang='lat' dir='ltr'>indignatione</span> <span class='ocrx_word' id='word_1_182' title='bbox 993 1049 1216 1085; x_wconf 83' lang='lat' dir='ltr'>comminans,</span> <span class='ocrx_word' id='word_1_183' title='bbox 1237 1054 1273 1080; x_wconf 81' lang='lat' dir='ltr'>et</span> <span class='ocrx_word' id='word_1_184' title='bbox 1296 1049 1343 1080; x_wconf 90' lang='lat' dir='ltr'>ita</span> <span class='ocrx_word' id='word_1_185' title='bbox 1375 1048 1432 1079; x_wconf 91' lang='lat' dir='ltr'>ille</span> <span class='ocrx_word' id='word_1_186' title='bbox 1465 1048 1656 1084; x_wconf 77' lang='lat' dir='ltr'>ommutuit,</span> <span class='ocrx_word' id='word_1_187' title='bbox 1689 1054 1723 1078; x_wconf 89' lang='lat' dir='ltr'>ut</span> <span class='ocrx_word' id='word_1_188' title='bbox 1747 1047 1881 1089; x_wconf 83' lang='lat' dir='ltr'>penitus</span> <span class='ocrx_word' id='word_1_189' title='bbox 1905 1047 1973 1078; x_wconf 87' lang='lat' dir='ltr'>cla-</span> 
     </span>
    </p>

    <p class='ocr_par' dir='ltr' id='par_1_5' title="bbox 79 1100 1974 1305">
     <span class='ocr_line' id='line_1_16' title="bbox 79 1100 1974 1144; baseline -0.002 -10"><span class='ocrx_word' id='word_1_190' title='bbox 79 1102 115 1134; x_wconf 86' lang='lat'>15</span> <span class='ocrx_word' id='word_1_191' title='bbox 140 1112 233 1134; x_wconf 87' lang='lat' dir='ltr'>mare</span> <span class='ocrx_word' id='word_1_192' title='bbox 257 1100 441 1140; x_wconf 81' lang='lat' dir='ltr'>desineret,</span> <span class='ocrx_word' id='word_1_193' title='bbox 465 1107 499 1133; x_wconf 92' lang='lat' dir='ltr'>et</span> <span class='ocrx_word' id='word_1_194' title='bbox 523 1102 632 1133; x_wconf 89' lang='lat' dir='ltr'>virum</span> <span class='ocrx_word' id='word_1_195' title='bbox 658 1101 722 1133; x_wconf 90' lang='lat' dir='ltr'>Dei</span> <span class='ocrx_word' id='word_1_196' title='bbox 746 1102 926 1133; x_wconf 87' lang='lat' dir='ltr'>molestare</span> <span class='ocrx_word' id='word_1_197' title='bbox 952 1102 1094 1134; x_wconf 88' lang='lat' dir='ltr'>ulterius</span> <span class='ocrx_word' id='word_1_198' title='bbox 1118 1112 1185 1133; x_wconf 90' lang='lat' dir='ltr'>non</span> <span class='ocrx_word' id='word_1_199' title='bbox 1215 1102 1369 1133; x_wconf 84' lang='lat' dir='ltr'>auderet.</span> <span class='ocrx_word' id='word_1_200' title='bbox 1418 1102 1545 1144; x_wconf 82' lang='lat' dir='ltr'>Sicque</span> <span class='ocrx_word' id='word_1_201' title='bbox 1577 1108 1698 1143; x_wconf 88' lang='lat' dir='ltr'>aperte</span> <span class='ocrx_word' id='word_1_202' title='bbox 1729 1101 1863 1135; x_wconf 80' lang='lat' dir='ltr'>claruit.</span> <span class='ocrx_word' id='word_1_203' title='bbox 1895 1102 1974 1143; x_wconf 87' lang='lat' dir='ltr'>quia</span> 
     </span>
     <span class='ocr_line' id='line_1_17' title="bbox 140 1154 1972 1196; baseline -0.001 -10"><span class='ocrx_word' id='word_1_204' title='bbox 140 1155 191 1186; x_wconf 89' lang='lat' dir='ltr'>vir</span> <span class='ocrx_word' id='word_1_205' title='bbox 211 1154 426 1193; x_wconf 85' lang='lat' dir='ltr'>venerabilis,</span> <span class='ocrx_word' id='word_1_206' title='bbox 450 1165 528 1187; x_wconf 88' lang='lat' dir='ltr'>cum</span> <span class='ocrx_word' id='word_1_207' title='bbox 553 1154 674 1191; x_wconf 91' lang='lat' dir='ltr'>voluit,</span> <span class='ocrx_word' id='word_1_208' title='bbox 698 1155 802 1186; x_wconf 87' lang='lat' dir='ltr'>etiam</span> <span class='ocrx_word' id='word_1_209' title='bbox 827 1155 967 1186; x_wconf 79' lang='lat' dir='ltr'>mortuis</span> <span class='ocrx_word' id='word_1_210' title='bbox 989 1155 1180 1196; x_wconf 88' lang='lat' dir='ltr'>imperavit.</span> <span class='ocrx_word' id='word_1_211' title='bbox 1227 1154 1333 1192; x_wconf 84' lang='lat' dir='ltr'>Quod</span> <span class='ocrx_word' id='word_1_212' title='bbox 1357 1155 1383 1186; x_wconf 88' lang='lat' dir='ltr'>si</span> <span class='ocrx_word' id='word_1_213' title='bbox 1407 1155 1538 1186; x_wconf 89' lang='lat' dir='ltr'>clamor</span> <span class='ocrx_word' id='word_1_214' title='bbox 1554 1155 1611 1186; x_wconf 89' lang='lat' dir='ltr'>ille</span> <span class='ocrx_word' id='word_1_215' title='bbox 1628 1165 1697 1186; x_wconf 91' lang='lat' dir='ltr'>non</span> <span class='ocrx_word' id='word_1_216' title='bbox 1723 1155 1845 1186; x_wconf 89' lang='lat' dir='ltr'>mortui</span> <span class='ocrx_word' id='word_1_217' title='bbox 1865 1154 1972 1185; x_wconf 87' lang='lat' dir='ltr'>homi-</span> 
     </span>
     <span class='ocr_line' id='line_1_18' title="bbox 137 1207 1973 1252; baseline -0.001 -12"><span class='ocrx_word' id='word_1_218' title='bbox 137 1209 200 1246; x_wconf 87' lang='lat' dir='ltr'>nis,</span> <span class='ocrx_word' id='word_1_219' title='bbox 223 1208 285 1241; x_wconf 90' lang='lat' dir='ltr'>sed</span> <span class='ocrx_word' id='word_1_220' title='bbox 309 1207 449 1251; x_wconf 77' lang='lat' dir='ltr'>maligni</span> <span class='ocrx_word' id='word_1_221' title='bbox 472 1207 611 1250; x_wconf 87' lang='lat' dir='ltr'>spiritus</span> <span class='ocrx_word' id='word_1_222' title='bbox 635 1207 757 1244; x_wconf 90' lang='lat' dir='ltr'>extitit,</span> <span class='ocrx_word' id='word_1_223' title='bbox 781 1208 891 1240; x_wconf 90' lang='lat' dir='ltr'>sancti</span> <span class='ocrx_word' id='word_1_224' title='bbox 915 1209 978 1240; x_wconf 91' lang='lat' dir='ltr'>viri</span> <span class='ocrx_word' id='word_1_225' title='bbox 1003 1208 1206 1241; x_wconf 86' lang='lat' dir='ltr'>auctoritas&#39;</span> <span class='ocrx_word' id='word_1_226' title='bbox 1231 1209 1266 1240; x_wconf 89' lang='lat' dir='ltr'>in</span> <span class='ocrx_word' id='word_1_227' title='bbox 1291 1209 1356 1241; x_wconf 93' lang='lat' dir='ltr'>hoc</span> <span class='ocrx_word' id='word_1_228' title='bbox 1381 1209 1482 1240; x_wconf 90' lang='lat' dir='ltr'>etiam</span> <span class='ocrx_word' id='word_1_229' title='bbox 1509 1219 1634 1252; x_wconf 85' lang='lat' dir='ltr'>magna</span> <span class='ocrx_word' id='word_1_230' title='bbox 1651 1208 1726 1249; x_wconf 78' lang='lat' dir='ltr'>fuit,</span> <span class='ocrx_word' id='word_1_231' title='bbox 1751 1218 1818 1250; x_wconf 93' lang='lat' dir='ltr'>quo</span> <span class='ocrx_word' id='word_1_232' title='bbox 1833 1208 1973 1239; x_wconf 89' lang='lat' dir='ltr'>iubente</span> 
     </span>
     <span class='ocr_line' id='line_1_19' title="bbox 133 1260 596 1305; baseline -0.002 -12"><span class='ocrx_word' id='word_1_233' title='bbox 133 1261 304 1305; x_wconf 89' lang='lat' dir='ltr'>malignus</span> <span class='ocrx_word' id='word_1_234' title='bbox 326 1261 469 1303; x_wconf 87' lang='lat' dir='ltr'>spiritus</span> <span class='ocrx_word' id='word_1_235' title='bbox 492 1260 596 1293; x_wconf 85' lang='lat' dir='ltr'>siluit.</span> 
     </span>
    </p>

    <p class='ocr_par' dir='ltr' id='par_1_6' title="bbox 228 1314 1973 1358">
     <span class='ocr_line' id='line_1_20' title="bbox 228 1314 1973 1358; baseline 0 -11"><span class='ocrx_word' id='word_1_236' title='bbox 228 1314 299 1347; x_wconf 90' lang='lat' dir='ltr'>Sed</span> <span class='ocrx_word' id='word_1_237' title='bbox 323 1315 403 1358; x_wconf 85' lang='lat' dir='ltr'>quia</span> <span class='ocrx_word' id='word_1_238' title='bbox 426 1314 522 1347; x_wconf 74' lang='lat' dir='ltr'>facta</span> <span class='ocrx_word' id='word_1_239' title='bbox 546 1314 618 1345; x_wconf 89' lang='lat' dir='ltr'>eius</span> <span class='ocrx_word' id='word_1_240' title='bbox 642 1315 864 1353; x_wconf 85' lang='lat' dir='ltr'>ostendimus,</span> <span class='ocrx_word' id='word_1_241' title='bbox 886 1315 1035 1358; x_wconf 90' lang='lat' dir='ltr'>quedam</span> <span class='ocrx_word' id='word_1_242' title='bbox 1059 1315 1160 1347; x_wconf 88' lang='lat' dir='ltr'>etiam</span> <span class='ocrx_word' id='word_1_243' title='bbox 1184 1314 1252 1347; x_wconf 89' lang='lat' dir='ltr'>vite</span> <span class='ocrx_word' id='word_1_244' title='bbox 1278 1315 1351 1346; x_wconf 88' lang='lat' dir='ltr'>eius</span> <span class='ocrx_word' id='word_1_245' title='bbox 1382 1315 1540 1357; x_wconf 87' lang='lat' dir='ltr'>exempla</span> <span class='ocrx_word' id='word_1_246' title='bbox 1572 1316 1767 1358; x_wconf 88' lang='lat' dir='ltr'>producere</span> <span class='ocrx_word' id='word_1_247' title='bbox 1800 1315 1973 1347; x_wconf 80' lang='lat' dir='ltr'>debemus.</span> 
     </span>
    </p>

    <p class='ocr_par' dir='ltr' id='par_1_7' title="bbox 75 1367 1977 1626">
     <span class='ocr_line' id='line_1_21' title="bbox 75 1367 1977 1412; baseline -0.002 -10"><span class='ocrx_word' id='word_1_248' title='bbox 75 1370 118 1402; x_wconf 91' lang='lat'>20</span> <span class='ocrx_word' id='word_1_249' title='bbox 143 1368 362 1412; x_wconf 86' lang='lat' dir='ltr'>Quamquam</span> <span class='ocrx_word' id='word_1_250' title='bbox 387 1368 431 1400; x_wconf 92' lang='lat' dir='ltr'>de</span> <span class='ocrx_word' id='word_1_251' title='bbox 454 1368 567 1400; x_wconf 78' lang='lat' dir='ltr'>forma</span> <span class='ocrx_word' id='word_1_252' title='bbox 588 1368 768 1400; x_wconf 85' lang='lat' dir='ltr'>ministerii</span> <span class='ocrx_word' id='word_1_253' title='bbox 793 1369 844 1400; x_wconf 90' lang='lat' dir='ltr'>sui</span> <span class='ocrx_word' id='word_1_254' title='bbox 875 1367 1005 1401; x_wconf 90' lang='lat' dir='ltr'>dictum</span> <span class='ocrx_word' id='word_1_255' title='bbox 1036 1368 1190 1400; x_wconf 88' lang='lat' dir='ltr'>sufficere</span> <span class='ocrx_word' id='word_1_256' title='bbox 1221 1368 1405 1407; x_wconf 91' lang='lat' dir='ltr'>credimus,</span> <span class='ocrx_word' id='word_1_257' title='bbox 1437 1369 1517 1411; x_wconf 90' lang='lat' dir='ltr'>quia</span> <span class='ocrx_word' id='word_1_258' title='bbox 1542 1369 1595 1401; x_wconf 92' lang='lat' dir='ltr'>leo</span> <span class='ocrx_word' id='word_1_259' title='bbox 1626 1369 1781 1411; x_wconf 84' lang='lat' dir='ltr'>superbis</span> <span class='ocrx_word' id='word_1_260' title='bbox 1813 1376 1847 1401; x_wconf 91' lang='lat' dir='ltr'>et</span> <span class='ocrx_word' id='word_1_261' title='bbox 1870 1368 1977 1400; x_wconf 90' lang='lat' dir='ltr'>irreli-</span> 
     </span>
     <span class='ocr_line' id='line_1_22' title="bbox 140 1421 1976 1466; baseline -0.001 -12"><span class='ocrx_word' id='word_1_262' title='bbox 140 1422 257 1466; x_wconf 86' lang='lat' dir='ltr'>giosis,</span> <span class='ocrx_word' id='word_1_263' title='bbox 280 1421 450 1465; x_wconf 87' lang='lat' dir='ltr'>religiosis</span> <span class='ocrx_word' id='word_1_264' title='bbox 473 1426 507 1453; x_wconf 92' lang='lat' dir='ltr'>et</span> <span class='ocrx_word' id='word_1_265' title='bbox 531 1421 669 1453; x_wconf 88' lang='lat' dir='ltr'>mitibus</span> <span class='ocrx_word' id='word_1_266' title='bbox 691 1431 801 1464; x_wconf 88' lang='lat' dir='ltr'>agnus</span> <span class='ocrx_word' id='word_1_267' title='bbox 824 1422 899 1453; x_wconf 79' lang='lat' dir='ltr'>fuit.</span> <span class='ocrx_word' id='word_1_268' title='bbox 946 1423 1058 1454; x_wconf 91' lang='lat' dir='ltr'>Nemo</span> <span class='ocrx_word' id='word_1_269' title='bbox 1084 1422 1174 1454; x_wconf 89' lang='lat' dir='ltr'>enim</span> <span class='ocrx_word' id='word_1_270' title='bbox 1191 1432 1340 1464; x_wconf 90' lang='lat' dir='ltr'>unquam</span> <span class='ocrx_word' id='word_1_271' title='bbox 1365 1421 1510 1454; x_wconf 84' lang='lat' dir='ltr'>immites</span> <span class='ocrx_word' id='word_1_272' title='bbox 1525 1428 1559 1454; x_wconf 88' lang='lat' dir='ltr'>et</span> <span class='ocrx_word' id='word_1_273' title='bbox 1576 1429 1797 1454; x_wconf 90' lang='lat' dir='ltr'>contumaces</span> <span class='ocrx_word' id='word_1_274' title='bbox 1819 1421 1976 1454; x_wconf 89' lang='lat' dir='ltr'>subditos</span> 
     </span>
     <span class='ocr_line' id='line_1_23' title="bbox 139 1474 1975 1517; baseline -0.002 -9"><span class='ocrx_word' id='word_1_275' title='bbox 139 1475 264 1508; x_wconf 76' lang='lat' dir='ltr'>fortius</span> <span class='ocrx_word' id='word_1_276' title='bbox 286 1475 433 1513; x_wconf 85' lang='lat' dir='ltr'>domuit,</span> <span class='ocrx_word' id='word_1_277' title='bbox 457 1485 558 1507; x_wconf 92' lang='lat' dir='ltr'>nemo</span> <span class='ocrx_word' id='word_1_278' title='bbox 582 1474 730 1506; x_wconf 83' lang='lat' dir='ltr'>humiles</span> <span class='ocrx_word' id='word_1_279' title='bbox 753 1481 785 1506; x_wconf 92' lang='lat' dir='ltr'>et</span> <span class='ocrx_word' id='word_1_280' title='bbox 809 1480 948 1506; x_wconf 85' lang='lat' dir='ltr'>sanctos</span> <span class='ocrx_word' id='word_1_281' title='bbox 970 1474 1156 1516; x_wconf 87' lang='lat' dir='ltr'>benignius</span> <span class='ocrx_word' id='word_1_282' title='bbox 1180 1474 1372 1506; x_wconf 88' lang='lat' dir='ltr'>honoravit.</span> <span class='ocrx_word' id='word_1_283' title='bbox 1418 1474 1456 1505; x_wconf 92' lang='lat' dir='ltr'>In</span> <span class='ocrx_word' id='word_1_284' title='bbox 1474 1474 1544 1506; x_wconf 89' lang='lat' dir='ltr'>istis</span> <span class='ocrx_word' id='word_1_285' title='bbox 1561 1485 1696 1517; x_wconf 85' lang='lat' dir='ltr'>nanque</span> <span class='ocrx_word' id='word_1_286' title='bbox 1722 1474 1908 1517; x_wconf 85' lang='lat' dir='ltr'>magisterii</span> <span class='ocrx_word' id='word_1_287' title='bbox 1926 1474 1975 1505; x_wconf 87' lang='lat' dir='ltr'>sui</span> 
     </span>
     <span class='ocr_line' id='line_1_24' title="bbox 142 1528 1976 1572; baseline -0.002 -11"><span class='ocrx_word' id='word_1_288' title='bbox 142 1529 295 1572; x_wconf 87' lang='lat' dir='ltr'>vigorem</span> <span class='ocrx_word' id='word_1_289' title='bbox 318 1528 508 1567; x_wconf 83' lang='lat' dir='ltr'>nesciebat,</span> <span class='ocrx_word' id='word_1_290' title='bbox 531 1538 616 1571; x_wconf 93' lang='lat' dir='ltr'>quos</span> <span class='ocrx_word' id='word_1_291' title='bbox 639 1537 721 1569; x_wconf 83' lang='lat' dir='ltr'>sepe</span> <span class='ocrx_word' id='word_1_292' title='bbox 745 1529 844 1571; x_wconf 87' lang='lat' dir='ltr'>quasi</span> <span class='ocrx_word' id='word_1_293' title='bbox 868 1528 980 1560; x_wconf 88' lang='lat' dir='ltr'>minor</span> <span class='ocrx_word' id='word_1_294' title='bbox 1003 1534 1167 1569; x_wconf 90' lang='lat' dir='ltr'>patronos</span> <span class='ocrx_word' id='word_1_295' title='bbox 1190 1539 1278 1566; x_wconf 88' lang='lat' dir='ltr'>suos,</span> <span class='ocrx_word' id='word_1_296' title='bbox 1303 1539 1364 1569; x_wconf 91' lang='lat' dir='ltr'>pro</span> <span class='ocrx_word' id='word_1_297' title='bbox 1389 1539 1425 1560; x_wconf 90' lang='lat' dir='ltr'>se</span> <span class='ocrx_word' id='word_1_298' title='bbox 1448 1534 1484 1560; x_wconf 91' lang='lat' dir='ltr'>ut</span> <span class='ocrx_word' id='word_1_299' title='bbox 1508 1528 1692 1559; x_wconf 87' lang='lat' dir='ltr'>Dominum</span> <span class='ocrx_word' id='word_1_300' title='bbox 1726 1534 1898 1570; x_wconf 86' lang='lat' dir='ltr'>rogarent,</span> <span class='ocrx_word' id='word_1_301' title='bbox 1922 1537 1976 1558; x_wconf 94' lang='lat' dir='ltr'>ro-</span> 
     </span>
     <span class='ocr_line' id='line_1_25' title="bbox 140 1581 1977 1626; baseline -0.002 -12"><span class='ocrx_word' id='word_1_302' title='bbox 140 1593 223 1626; x_wconf 88' lang='lat' dir='ltr'>gare</span> <span class='ocrx_word' id='word_1_303' title='bbox 247 1587 483 1614; x_wconf 85' lang='lat' dir='ltr'>consueverat.</span> <span class='ocrx_word' id='word_1_304' title='bbox 526 1582 609 1614; x_wconf 87' lang='lat' dir='ltr'>Illos</span> <span class='ocrx_word' id='word_1_305' title='bbox 629 1592 711 1613; x_wconf 92' lang='lat' dir='ltr'>vero</span> <span class='ocrx_word' id='word_1_306' title='bbox 735 1588 768 1613; x_wconf 89' lang='lat' dir='ltr'>et</span> <span class='ocrx_word' id='word_1_307' title='bbox 793 1581 908 1613; x_wconf 92' lang='lat' dir='ltr'>verbis</span> <span class='ocrx_word' id='word_1_308' title='bbox 932 1587 966 1612; x_wconf 85' lang='lat' dir='ltr'>et</span> <span class='ocrx_word' id='word_1_309' title='bbox 990 1581 1209 1624; x_wconf 88' lang='lat' dir='ltr'>regularibus</span> <span class='ocrx_word' id='word_1_310' title='bbox 1233 1581 1505 1613; x_wconf 86' lang='lat' dir='ltr'>correctionibus</span> <span class='ocrx_word' id='word_1_311' title='bbox 1522 1581 1785 1622; x_wconf 89' lang='lat' dir='ltr'>comprimebat,</span> <span class='ocrx_word' id='word_1_312' title='bbox 1803 1587 1839 1613; x_wconf 90' lang='lat' dir='ltr'>ut</span> <span class='ocrx_word' id='word_1_313' title='bbox 1856 1581 1977 1622; x_wconf 83' lang='lat' dir='ltr'>negle-</span> 
     </span>
    </p>

    <p class='ocr_par' dir='ltr' id='par_1_8' title="bbox 76 1633 1979 1837">
     <span class='ocr_line' id='line_1_26' title="bbox 76 1633 1974 1679; baseline -0.002 -12"><span class='ocrx_word' id='word_1_314' title='bbox 76 1635 117 1668; x_wconf 86' lang='lat'>25</span> <span class='ocrx_word' id='word_1_315' title='bbox 141 1635 333 1679; x_wconf 88' lang='lat' dir='ltr'>gentiarum</span> <span class='ocrx_word' id='word_1_316' title='bbox 357 1645 495 1667; x_wconf 86' lang='lat' dir='ltr'>suarum</span> <span class='ocrx_word' id='word_1_317' title='bbox 519 1640 695 1676; x_wconf 89' lang='lat' dir='ltr'>torporem</span> <span class='ocrx_word' id='word_1_318' title='bbox 721 1633 940 1672; x_wconf 84' lang='lat' dir='ltr'>dese&#39;rerent‚</span> <span class='ocrx_word' id='word_1_319' title='bbox 972 1640 1075 1676; x_wconf 87' lang='lat' dir='ltr'>atque</span> <span class='ocrx_word' id='word_1_320' title='bbox 1098 1634 1133 1665; x_wconf 88' lang='lat' dir='ltr'>in</span> <span class='ocrx_word' id='word_1_321' title='bbox 1165 1634 1287 1666; x_wconf 84' lang='lat' dir='ltr'>celesti</span> <span class='ocrx_word' id='word_1_322' title='bbox 1311 1633 1579 1666; x_wconf 88' lang='lat' dir='ltr'>conversa&#39;tione</span> <span class='ocrx_word' id='word_1_323' title='bbox 1608 1634 1785 1666; x_wconf 82' lang='lat' dir='ltr'>ferventes</span> <span class='ocrx_word' id='word_1_324' title='bbox 1809 1634 1974 1674; x_wconf 88' lang='lat' dir='ltr'>deinceps</span> 
     </span>
     <span class='ocr_line' id='line_1_27' title="bbox 143 1687 1977 1731; baseline -0.003 -9"><span class='ocrx_word' id='word_1_325' title='bbox 143 1698 218 1722; x_wconf 88' lang='lat' dir='ltr'>esse</span> <span class='ocrx_word' id='word_1_326' title='bbox 243 1688 451 1722; x_wconf 88' lang='lat' dir='ltr'>debuissent.</span> <span class='ocrx_word' id='word_1_327' title='bbox 498 1688 693 1721; x_wconf 87' lang='lat' dir='ltr'>Obstinatis</span> <span class='ocrx_word' id='word_1_328' title='bbox 717 1693 751 1720; x_wconf 90' lang='lat' dir='ltr'>et</span> <span class='ocrx_word' id='word_1_329' title='bbox 774 1687 941 1729; x_wconf 87' lang='lat' dir='ltr'>improbis</span> <span class='ocrx_word' id='word_1_330' title='bbox 964 1694 1041 1730; x_wconf 88' lang='lat' dir='ltr'>post</span> <span class='ocrx_word' id='word_1_331' title='bbox 1066 1687 1249 1729; x_wconf 89' lang='lat' dir='ltr'>discipline</span> <span class='ocrx_word' id='word_1_332' title='bbox 1273 1688 1441 1731; x_wconf 87' lang='lat' dir='ltr'>regularis</span> <span class='ocrx_word' id='word_1_333' title='bbox 1458 1698 1599 1727; x_wconf 83' lang='lat' dir='ltr'>morsus,</span> <span class='ocrx_word' id='word_1_334' title='bbox 1617 1688 1825 1730; x_wconf 85' lang='lat' dir='ltr'>mitigatiora</span> <span class='ocrx_word' id='word_1_335' title='bbox 1842 1687 1902 1718; x_wconf 89' lang='lat' dir='ltr'>illa</span> <span class='ocrx_word' id='word_1_336' title='bbox 1917 1696 1977 1718; x_wconf 88' lang='lat' dir='ltr'>sue</span> 
     </span>
     <span class='ocr_line' id='line_1_28' title="bbox 143 1740 1979 1785; baseline -0.002 -11"><span class='ocrx_word' id='word_1_337' title='bbox 143 1741 399 1774; x_wconf 88' lang='lat' dir='ltr'>consuetudinis</span> <span class='ocrx_word' id='word_1_338' title='bbox 422 1741 582 1785; x_wconf 88' lang='lat' dir='ltr'>ingerere</span> <span class='ocrx_word' id='word_1_339' title='bbox 607 1740 750 1779; x_wconf 87' lang='lat' dir='ltr'>solebat,</span> <span class='ocrx_word' id='word_1_340' title='bbox 775 1740 899 1783; x_wconf 89' lang='lat' dir='ltr'>quibus</span> <span class='ocrx_word' id='word_1_341' title='bbox 922 1747 956 1773; x_wconf 88' lang='lat' dir='ltr'>et</span> <span class='ocrx_word' id='word_1_342' title='bbox 979 1741 1095 1782; x_wconf 90' lang='lat' dir='ltr'>operis</span> <span class='ocrx_word' id='word_1_343' title='bbox 1119 1747 1154 1773; x_wconf 90' lang='lat' dir='ltr'>et</span> <span class='ocrx_word' id='word_1_344' title='bbox 1174 1741 1372 1773; x_wconf 86' lang='lat' dir='ltr'>intentionis</span> <span class='ocrx_word' id='word_1_345' title='bbox 1395 1752 1455 1773; x_wconf 91' lang='lat' dir='ltr'>sue</span> <span class='ocrx_word' id='word_1_346' title='bbox 1479 1740 1605 1773; x_wconf 91' lang='lat' dir='ltr'>bonum</span> <span class='ocrx_word' id='word_1_347' title='bbox 1630 1740 1705 1772; x_wconf 91' lang='lat' dir='ltr'>luce</span> <span class='ocrx_word' id='word_1_348' title='bbox 1723 1741 1848 1772; x_wconf 89' lang='lat' dir='ltr'>clarius</span> <span class='ocrx_word' id='word_1_349' title='bbox 1864 1746 1979 1772; x_wconf 90' lang='lat' dir='ltr'>osten-</span> 
     </span>
     <span class='ocr_line' id='line_1_29' title="bbox 143 1793 1979 1837; baseline -0.003 -9"><span class='ocrx_word' id='word_1_350' title='bbox 143 1794 260 1834; x_wconf 88' lang='lat' dir='ltr'>debat,</span> <span class='ocrx_word' id='word_1_351' title='bbox 282 1804 360 1827; x_wconf 89' lang='lat' dir='ltr'>cum</span> <span class='ocrx_word' id='word_1_352' title='bbox 384 1801 519 1833; x_wconf 88' lang='lat' dir='ltr'>catena,</span> <span class='ocrx_word' id='word_1_353' title='bbox 544 1795 713 1837; x_wconf 86' lang='lat' dir='ltr'>inquiens,</span> <span class='ocrx_word' id='word_1_354' title='bbox 748 1794 922 1827; x_wconf 86' lang='lat' dir='ltr'>nolentem</span> <span class='ocrx_word' id='word_1_355' title='bbox 946 1801 980 1826; x_wconf 93' lang='lat' dir='ltr'>te</span> <span class='ocrx_word' id='word_1_356' title='bbox 1004 1795 1128 1826; x_wconf 90' lang='lat' dir='ltr'>ducam</span> <span class='ocrx_word' id='word_1_357' title='bbox 1153 1794 1197 1826; x_wconf 90' lang='lat' dir='ltr'>ad</span> <span class='ocrx_word' id='word_1_358' title='bbox 1221 1794 1345 1826; x_wconf 88' lang='lat' dir='ltr'>celum.</span> <span class='ocrx_word' id='word_1_359' title='bbox 1392 1793 1472 1832; x_wconf 90' lang='lat' dir='ltr'>Quo</span> <span class='ocrx_word' id='word_1_360' title='bbox 1509 1794 1616 1826; x_wconf 92' lang='lat' dir='ltr'>verbo</span> <span class='ocrx_word' id='word_1_361' title='bbox 1652 1794 1867 1836; x_wconf 85' lang='lat' dir='ltr'>sapientibus</span> <span class='ocrx_word' id='word_1_362' title='bbox 1897 1793 1979 1824; x_wconf 87' lang='lat' dir='ltr'>satis</span> 
     </span>
    </p>
   </div>
   <div class='ocr_carea' id='block_1_3' title="bbox 144 1846 2021 1891">
    <p class='ocr_par' dir='ltr' id='par_1_9' title="bbox 144 1846 2021 1891">
     <span class='ocr_line' id='line_1_30' title="bbox 144 1846 2021 1891; baseline -0.001 -11"><span class='ocrx_word' id='word_1_363' title='bbox 144 1847 324 1880; x_wconf 90' lang='lat' dir='ltr'>indicabat</span> <span class='ocrx_word' id='word_1_364' title='bbox 356 1846 579 1880; x_wconf 90' lang='lat' dir='ltr'>districtionis</span> <span class='ocrx_word' id='word_1_365' title='bbox 601 1858 661 1879; x_wconf 89' lang='lat' dir='ltr'>sue</span> <span class='ocrx_word' id='word_1_366' title='bbox 686 1847 918 1885; x_wconf 86' lang='lat' dir='ltr'>severitatem,</span> <span class='ocrx_word' id='word_1_367' title='bbox 948 1858 1016 1890; x_wconf 88' lang='lat' dir='ltr'>qua</span> <span class='ocrx_word' id='word_1_368' title='bbox 1050 1847 1238 1879; x_wconf 84' lang='lat' dir='ltr'>intentione</span> <span class='ocrx_word' id='word_1_369' title='bbox 1263 1848 1326 1885; x_wconf 84' lang='lat' dir='ltr'>sui,</span> <span class='ocrx_word' id='word_1_370' title='bbox 1351 1858 1419 1890; x_wconf 91' lang='lat' dir='ltr'>quo</span> <span class='ocrx_word' id='word_1_371' title='bbox 1451 1847 1734 1891; x_wconf 87' lang='lat' dir='ltr'>corrigendorum</span> <span class='ocrx_word' id='word_1_372' title='bbox 1760 1847 1886 1884; x_wconf 78' lang='lat' dir='ltr'>fructu,</span> <span class='ocrx_word' id='word_1_373' title='bbox 1911 1856 1977 1888; x_wconf 84' lang='lat' dir='ltr'>qua</span> <span class='ocrx_word' id='word_1_374' title='bbox 2016 1856 2021 1866; x_wconf 52' lang='lat'>⁸</span> 
     </span>
    </p>
   </div>
   <div class='ocr_carea' id='block_1_4' title="bbox 79 1900 1983 2846">
    <p class='ocr_par' dir='ltr' id='par_1_10' title="bbox 79 1900 1978 2048">
     <span class='ocr_line' id='line_1_31' title="bbox 79 1900 1978 1943; baseline -0.003 -9"><span class='ocrx_word' id='word_1_375' title='bbox 79 1902 120 1935; x_wconf 89' lang='grc'>30</span> <span class='ocrx_word' id='word_1_376' title='bbox 143 1901 277 1933; x_wconf 88' lang='lat' dir='ltr'>interne</span> <span class='ocrx_word' id='word_1_377' title='bbox 300 1900 438 1943; x_wconf 86' lang='lat' dir='ltr'>pietatis</span> <span class='ocrx_word' id='word_1_378' title='bbox 462 1900 646 1933; x_wconf 89' lang='lat' dir='ltr'>dulcedine</span> <span class='ocrx_word' id='word_1_379' title='bbox 671 1900 867 1933; x_wconf 88' lang='lat' dir='ltr'>exhibebat.</span> <span class='ocrx_word' id='word_1_380' title='bbox 914 1900 1006 1932; x_wconf 92' lang='lat' dir='ltr'>Vere</span> <span class='ocrx_word' id='word_1_381' title='bbox 1029 1900 1185 1933; x_wconf 88' lang='lat' dir='ltr'>medicus</span> <span class='ocrx_word' id='word_1_382' title='bbox 1207 1901 1395 1932; x_wconf 91' lang='lat' dir='ltr'>animarum</span> <span class='ocrx_word' id='word_1_383' title='bbox 1412 1901 1489 1939; x_wconf 79' lang='lat' dir='ltr'>fuit,</span> <span class='ocrx_word' id='word_1_384' title='bbox 1506 1911 1649 1943; x_wconf 89' lang='lat' dir='ltr'>quarum</span> <span class='ocrx_word' id='word_1_385' title='bbox 1667 1900 1769 1932; x_wconf 89' lang='lat' dir='ltr'>lucris</span> <span class='ocrx_word' id='word_1_386' title='bbox 1793 1900 1885 1931; x_wconf 91' lang='lat' dir='ltr'>nulla</span> <span class='ocrx_word' id='word_1_387' title='bbox 1901 1909 1978 1940; x_wconf 90' lang='lat' dir='ltr'>pre-</span> 
     </span>
     <span class='ocr_line' id='line_1_32' title="bbox 141 1952 1977 1996; baseline -0.002 -10"><span class='ocrx_word' id='word_1_388' title='bbox 141 1953 264 1996; x_wconf 85' lang='lat' dir='ltr'>posuit.</span> <span class='ocrx_word' id='word_1_389' title='bbox 309 1953 381 1985; x_wconf 90' lang='lat' dir='ltr'>Sed</span> <span class='ocrx_word' id='word_1_390' title='bbox 405 1953 471 1986; x_wconf 92' lang='lat' dir='ltr'>hoc</span> <span class='ocrx_word' id='word_1_391' title='bbox 496 1953 618 1985; x_wconf 90' lang='lat' dir='ltr'>melius</span> <span class='ocrx_word' id='word_1_392' title='bbox 641 1953 863 1991; x_wconf 88' lang='lat' dir='ltr'>ostendimus,</span> <span class='ocrx_word' id='word_1_393' title='bbox 886 1952 912 1984; x_wconf 94' lang='lat' dir='ltr'>si</span> <span class='ocrx_word' id='word_1_394' title='bbox 938 1952 995 1984; x_wconf 92' lang='lat' dir='ltr'>ubi</span> <span class='ocrx_word' id='word_1_395' title='bbox 1019 1952 1114 1984; x_wconf 92' lang='lat' dir='ltr'>velut</span> <span class='ocrx_word' id='word_1_396' title='bbox 1137 1953 1171 1984; x_wconf 92' lang='lat' dir='ltr'>in</span> <span class='ocrx_word' id='word_1_397' title='bbox 1194 1953 1273 1985; x_wconf 93' lang='lat' dir='ltr'>luce</span> <span class='ocrx_word' id='word_1_398' title='bbox 1299 1953 1445 1994; x_wconf 88' lang='lat' dir='ltr'>positum</span> <span class='ocrx_word' id='word_1_399' title='bbox 1470 1952 1645 1995; x_wconf 92' lang='lat' dir='ltr'>quoddam</span> <span class='ocrx_word' id='word_1_400' title='bbox 1663 1953 1736 1985; x_wconf 91' lang='lat' dir='ltr'>eius</span> <span class='ocrx_word' id='word_1_401' title='bbox 1753 1953 1884 1984; x_wconf 81' lang='lat' dir='ltr'>factum</span> <span class='ocrx_word' id='word_1_402' title='bbox 1909 1961 1977 1982; x_wconf 93' lang='lat' dir='ltr'>me-</span> 
     </span>
     <span class='ocr_line' id='line_1_33' title="bbox 144 2006 549 2048; baseline 0.002 -10"><span class='ocrx_word' id='word_1_403' title='bbox 144 2006 311 2040; x_wconf 89' lang='lat' dir='ltr'>morabile</span> <span class='ocrx_word' id='word_1_404' title='bbox 335 2007 549 2048; x_wconf 88' lang='lat' dir='ltr'>predicetur.</span> 
     </span>
    </p>

    <p class='ocr_par' dir='ltr' id='par_1_11' title="bbox 145 2059 1979 2156">
     <span class='ocr_line' id='line_1_34' title="bbox 230 2059 1976 2103; baseline -0.002 -11"><span class='ocrx_word' id='word_1_405' title='bbox 230 2059 334 2092; x_wconf 84' lang='lat' dir='ltr'>Miles</span> <span class='ocrx_word' id='word_1_406' title='bbox 357 2060 449 2092; x_wconf 91' lang='lat' dir='ltr'>enim</span> <span class='ocrx_word' id='word_1_407' title='bbox 476 2060 628 2103; x_wconf 91' lang='lat' dir='ltr'>quidam,</span> <span class='ocrx_word' id='word_1_408' title='bbox 652 2059 762 2103; x_wconf 88' lang='lat' dir='ltr'>gallus</span> <span class='ocrx_word' id='word_1_409' title='bbox 793 2059 943 2103; x_wconf 87' lang='lat' dir='ltr'>ge&#39;nere,</span> <span class='ocrx_word' id='word_1_410' title='bbox 975 2060 1009 2090; x_wconf 90' lang='lat' dir='ltr'>in</span> <span class='ocrx_word' id='word_1_411' title='bbox 1041 2060 1249 2092; x_wconf 88' lang='lat' dir='ltr'>monasterio</span> <span class='ocrx_word' id='word_1_412' title='bbox 1274 2071 1460 2092; x_wconf 87' lang='lat' dir='ltr'>conversus</span> <span class='ocrx_word' id='word_1_413' title='bbox 1484 2067 1544 2092; x_wconf 89' lang='lat' dir='ltr'>est.</span> <span class='ocrx_word' id='word_1_414' title='bbox 1593 2059 1661 2097; x_wconf 84' lang='lat' dir='ltr'>Qui</span> <span class='ocrx_word' id='word_1_415' title='bbox 1687 2069 1763 2091; x_wconf 90' lang='lat' dir='ltr'>curn</span> <span class='ocrx_word' id='word_1_416' title='bbox 1795 2059 1976 2101; x_wconf 89' lang='lat' dir='ltr'>plurimum</span> 
     </span>
     <span class='ocr_line' id='line_1_35' title="bbox 145 2112 1979 2156; baseline -0.002 -11"><span class='ocrx_word' id='word_1_417' title='bbox 145 2113 311 2155; x_wconf 89' lang='lat' dir='ltr'>temporis</span> <span class='ocrx_word' id='word_1_418' title='bbox 331 2113 503 2145; x_wconf 90' lang='lat' dir='ltr'>communi</span> <span class='ocrx_word' id='word_1_419' title='bbox 527 2113 649 2145; x_wconf 89' lang='lat' dir='ltr'>ordine</span> <span class='ocrx_word' id='word_1_420' title='bbox 680 2113 843 2155; x_wconf 89' lang='lat' dir='ltr'>religiose</span> <span class='ocrx_word' id='word_1_421' title='bbox 868 2112 1018 2151; x_wconf 83' lang='lat' dir='ltr'>vixisset,</span> <span class='ocrx_word' id='word_1_422' title='bbox 1042 2113 1179 2145; x_wconf 90' lang='lat' dir='ltr'>tandem</span> <span class='ocrx_word' id='word_1_423' title='bbox 1203 2120 1280 2155; x_wconf 89' lang='lat' dir='ltr'>post</span> <span class='ocrx_word' id='word_1_424' title='bbox 1302 2119 1436 2156; x_wconf 88' lang='lat' dir='ltr'>tergum</span> <span class='ocrx_word' id='word_1_425' title='bbox 1459 2114 1660 2156; x_wconf 84' lang='lat' dir='ltr'>respiciens,</span> <span class='ocrx_word' id='word_1_426' title='bbox 1685 2113 1801 2144; x_wconf 92' lang='lat' dir='ltr'>mundi</span> <span class='ocrx_word' id='word_1_427' title='bbox 1827 2112 1979 2150; x_wconf 90' lang='lat' dir='ltr'>delicias,</span> 
     </span>
    </p>

    <p class='ocr_par' dir='ltr' id='par_1_12' title="bbox 81 2165 1982 2421">
     <span class='ocr_line' id='line_1_36' title="bbox 81 2165 1979 2210; baseline -0.001 -12"><span class='ocrx_word' id='word_1_428' title='bbox 81 2166 121 2198; x_wconf 89' lang='grc'>35</span> <span class='ocrx_word' id='word_1_429' title='bbox 147 2177 230 2210; x_wconf 87' lang='lat' dir='ltr'>quas</span> <span class='ocrx_word' id='word_1_430' title='bbox 254 2166 545 2208; x_wconf 90' lang='lat' dir='ltr'>contempnendo,</span> <span class='ocrx_word' id='word_1_431' title='bbox 570 2166 718 2209; x_wconf 76' lang='lat' dir='ltr'>fugerat,</span> <span class='ocrx_word' id='word_1_432' title='bbox 743 2165 845 2197; x_wconf 91' lang='lat' dir='ltr'>velud</span> <span class='ocrx_word' id='word_1_433' title='bbox 869 2166 997 2209; x_wconf 89' lang='lat' dir='ltr'>Egypti</span> <span class='ocrx_word' id='word_1_434' title='bbox 1023 2166 1108 2197; x_wconf 88' lang='lat' dir='ltr'>ollas</span> <span class='ocrx_word' id='word_1_435' title='bbox 1133 2167 1356 2198; x_wconf 87' lang='lat' dir='ltr'>desideravit.</span> <span class='ocrx_word' id='word_1_436' title='bbox 1402 2167 1537 2199; x_wconf 88' lang='lat' dir='ltr'>Relicto</span> <span class='ocrx_word' id='word_1_437' title='bbox 1562 2167 1666 2209; x_wconf 88' lang='lat' dir='ltr'>igitur</span> <span class='ocrx_word' id='word_1_438' title='bbox 1695 2165 1912 2201; x_wconf 82' lang='lat' dir='ltr'>monasterio,</span> <span class='ocrx_word' id='word_1_439' title='bbox 1943 2174 1979 2196; x_wconf 89' lang='lat' dir='ltr'>se</span> 
     </span>
     <span class='ocr_line' id='line_1_37' title="bbox 147 2218 1979 2262; baseline -0.002 -10"><span class='ocrx_word' id='word_1_440' title='bbox 147 2231 167 2252; x_wconf 85' lang='lat' dir='ltr'>a</span> <span class='ocrx_word' id='word_1_441' title='bbox 199 2219 348 2252; x_wconf 91' lang='lat' dir='ltr'>culmine</span> <span class='ocrx_word' id='word_1_442' title='bbox 379 2219 560 2262; x_wconf 89' lang='lat' dir='ltr'>religionis</span> <span class='ocrx_word' id='word_1_443' title='bbox 588 2219 622 2250; x_wconf 90' lang='lat' dir='ltr'>in</span> <span class='ocrx_word' id='word_1_444' title='bbox 652 2219 872 2261; x_wconf 87' lang='lat' dir='ltr'>precipitium</span> <span class='ocrx_word' id='word_1_445' title='bbox 906 2219 1011 2251; x_wconf 92' lang='lat' dir='ltr'>dedit.</span> <span class='ocrx_word' id='word_1_446' title='bbox 1070 2218 1175 2250; x_wconf 90' lang='lat' dir='ltr'>Arma</span> <span class='ocrx_word' id='word_1_447' title='bbox 1207 2221 1399 2262; x_wconf 88' lang='lat' dir='ltr'>resumpsit,</span> <span class='ocrx_word' id='word_1_448' title='bbox 1431 2226 1464 2251; x_wconf 90' lang='lat' dir='ltr'>et</span> <span class='ocrx_word' id='word_1_449' title='bbox 1497 2221 1612 2252; x_wconf 89' lang='lat' dir='ltr'>vivere</span> <span class='ocrx_word' id='word_1_450' title='bbox 1644 2219 1844 2251; x_wconf 88' lang='lat' dir='ltr'>seculariter</span> <span class='ocrx_word' id='word_1_451' title='bbox 1875 2218 1979 2260; x_wconf 89' lang='lat' dir='ltr'>cepit.</span> 
     </span>
     <span class='ocr_line' id='line_1_38' title="bbox 149 2271 1980 2315; baseline -0.002 -10"><span class='ocrx_word' id='word_1_452' title='bbox 149 2272 221 2311; x_wconf 88' lang='lat' dir='ltr'>Qui</span> <span class='ocrx_word' id='word_1_453' title='bbox 252 2283 329 2304; x_wconf 91' lang='lat' dir='ltr'>cum</span> <span class='ocrx_word' id='word_1_454' title='bbox 359 2279 428 2305; x_wconf 87' lang='lat' dir='ltr'>tam</span> <span class='ocrx_word' id='word_1_455' title='bbox 461 2274 641 2305; x_wconf 88' lang='lat' dir='ltr'>dementer</span> <span class='ocrx_word' id='word_1_456' title='bbox 673 2278 816 2309; x_wconf 87' lang='lat' dir='ltr'>erraret,</span> <span class='ocrx_word' id='word_1_457' title='bbox 848 2278 879 2303; x_wconf 91' lang='lat' dir='ltr'>et</span> <span class='ocrx_word' id='word_1_458' title='bbox 910 2282 945 2303; x_wconf 86' lang='lat' dir='ltr'>se</span> <span class='ocrx_word' id='word_1_459' title='bbox 975 2272 1116 2314; x_wconf 89' lang='lat' dir='ltr'>dignum</span> <span class='ocrx_word' id='word_1_460' title='bbox 1147 2278 1257 2304; x_wconf 88' lang='lat' dir='ltr'>morte</span> <span class='ocrx_word' id='word_1_461' title='bbox 1292 2274 1438 2311; x_wconf 78' lang='lat' dir='ltr'>faceret,</span> <span class='ocrx_word' id='word_1_462' title='bbox 1472 2273 1681 2315; x_wconf 89' lang='lat' dir='ltr'>quandoque</span> <span class='ocrx_word' id='word_1_463' title='bbox 1717 2271 1837 2304; x_wconf 88' lang='lat' dir='ltr'>divina</span> <span class='ocrx_word' id='word_1_464' title='bbox 1871 2271 1980 2313; x_wconf 88' lang='lat' dir='ltr'>gratia</span> 
     </span>
     <span class='ocr_line' id='line_1_39' title="bbox 145 2324 1982 2369; baseline -0.001 -11"><span class='ocrx_word' id='word_1_465' title='bbox 145 2326 256 2369; x_wconf 86' lang='lat' dir='ltr'>patris</span> <span class='ocrx_word' id='word_1_466' title='bbox 278 2326 329 2358; x_wconf 86' lang='lat' dir='ltr'>sui</span> <span class='ocrx_word' id='word_1_467' title='bbox 360 2326 490 2358; x_wconf 87' lang='lat' dir='ltr'>meritis</span> <span class='ocrx_word' id='word_1_468' title='bbox 513 2332 703 2367; x_wconf 75' lang='lat' dir='ltr'>respectuS,</span> <span class='ocrx_word' id='word_1_469' title='bbox 726 2326 770 2358; x_wconf 88' lang='lat' dir='ltr'>ad</span> <span class='ocrx_word' id='word_1_470' title='bbox 796 2325 1041 2358; x_wconf 88' lang='lat' dir='ltr'>monasterium</span> <span class='ocrx_word' id='word_1_471' title='bbox 1063 2324 1180 2363; x_wconf 88' lang='lat' dir='ltr'>rediit,</span> <span class='ocrx_word' id='word_1_472' title='bbox 1205 2332 1239 2358; x_wconf 91' lang='lat' dir='ltr'>et</span> <span class='ocrx_word' id='word_1_473' title='bbox 1263 2326 1378 2363; x_wconf 88' lang='lat' dir='ltr'>multa,</span> <span class='ocrx_word' id='word_1_474' title='bbox 1406 2335 1472 2368; x_wconf 91' lang='lat' dir='ltr'>que</span> <span class='ocrx_word' id='word_1_475' title='bbox 1505 2326 1746 2368; x_wconf 89' lang='lat' dir='ltr'>conquisierat,</span> <span class='ocrx_word' id='word_1_476' title='bbox 1777 2324 1874 2367; x_wconf 86' lang='lat' dir='ltr'>quasi</span> <span class='ocrx_word' id='word_1_477' title='bbox 1905 2334 1982 2367; x_wconf 86' lang='lat' dir='ltr'>gra-</span> 
     </span>
     <span class='ocr_line' id='line_1_40' title="bbox 147 2379 1981 2421; baseline -0.001 -10"><span class='ocrx_word' id='word_1_478' title='bbox 147 2379 278 2412; x_wconf 87' lang='lat' dir='ltr'>tissima</span> <span class='ocrx_word' id='word_1_479' title='bbox 308 2390 451 2411; x_wconf 90' lang='lat' dir='ltr'>munera</span> <span class='ocrx_word' id='word_1_480' title='bbox 473 2390 590 2411; x_wconf 88' lang='lat' dir='ltr'>secum</span> <span class='ocrx_word' id='word_1_481' title='bbox 614 2379 777 2421; x_wconf 87' lang='lat' dir='ltr'>portavit.</span> <span class='ocrx_word' id='word_1_482' title='bbox 823 2379 924 2411; x_wconf 87' lang='lat' dir='ltr'>Pater</span> <span class='ocrx_word' id='word_1_483' title='bbox 953 2384 1065 2411; x_wconf 87' lang='lat' dir='ltr'>autem</span> <span class='ocrx_word' id='word_1_484' title='bbox 1098 2379 1319 2417; x_wconf 86' lang='lat' dir='ltr'>venerabilis,</span> <span class='ocrx_word' id='word_1_485' title='bbox 1351 2390 1428 2410; x_wconf 89' lang='lat' dir='ltr'>cum</span> <span class='ocrx_word' id='word_1_486' title='bbox 1459 2379 1552 2411; x_wconf 90' lang='lat' dir='ltr'>hunc</span> <span class='ocrx_word' id='word_1_487' title='bbox 1582 2379 1712 2411; x_wconf 87' lang='lat' dir='ltr'>redisse</span> <span class='ocrx_word' id='word_1_488' title='bbox 1745 2384 1981 2421; x_wconf 89' lang='lat' dir='ltr'>cognosceret,</span> 
     </span>
    </p>

    <p class='ocr_par' dir='ltr' id='par_1_13' title="bbox 83 2431 1983 2633">
     <span class='ocr_line' id='line_1_41' title="bbox 83 2431 1983 2475; baseline -0.001 -11"><span class='ocrx_word' id='word_1_489' title='bbox 83 2433 123 2464; x_wconf 79' lang='lat'>40</span> <span class='ocrx_word' id='word_1_490' title='bbox 148 2443 226 2464; x_wconf 89' lang='lat' dir='ltr'>cum</span> <span class='ocrx_word' id='word_1_491' title='bbox 258 2442 382 2474; x_wconf 87' lang='lat' dir='ltr'>magno</span> <span class='ocrx_word' id='word_1_492' title='bbox 405 2432 533 2475; x_wconf 88' lang='lat' dir='ltr'>gaudio</span> <span class='ocrx_word' id='word_1_493' title='bbox 557 2433 701 2474; x_wconf 88' lang='lat' dir='ltr'>recepit,</span> <span class='ocrx_word' id='word_1_494' title='bbox 725 2443 765 2464; x_wconf 91' lang='lat' dir='ltr'>ea</span> <span class='ocrx_word' id='word_1_495' title='bbox 789 2442 872 2463; x_wconf 90' lang='lat' dir='ltr'>vero</span> <span class='ocrx_word' id='word_1_496' title='bbox 897 2431 1023 2470; x_wconf 90' lang='lat' dir='ltr'>omnia,</span> <span class='ocrx_word' id='word_1_497' title='bbox 1048 2443 1114 2474; x_wconf 91' lang='lat' dir='ltr'>que</span> <span class='ocrx_word' id='word_1_498' title='bbox 1136 2431 1281 2468; x_wconf 85' lang='lat' dir='ltr'>attulit‚&#39;</span> <span class='ocrx_word' id='word_1_499' title='bbox 1306 2433 1524 2474; x_wconf 89' lang='lat' dir='ltr'>contempsit,</span> <span class='ocrx_word' id='word_1_500' title='bbox 1545 2433 1723 2475; x_wconf 89' lang='lat' dir='ltr'>ingentem</span> <span class='ocrx_word' id='word_1_501' title='bbox 1745 2433 1882 2463; x_wconf 75' lang='lat' dir='ltr'>foveam</span> <span class='ocrx_word' id='word_1_502' title='bbox 1909 2431 1983 2472; x_wconf 23' lang='lat' dir='ltr'>fieri&lt;</span> 
     </span>
     <span class='ocr_line' id='line_1_42' title="bbox 139 2484 1981 2528; baseline -0.002 -11"><span class='ocrx_word' id='word_1_503' title='bbox 139 2484 253 2523; x_wconf 87' lang='lat' dir='ltr'>iussit,</span> <span class='ocrx_word' id='word_1_504' title='bbox 275 2484 311 2516; x_wconf 88' lang='lat' dir='ltr'>in</span> <span class='ocrx_word' id='word_1_505' title='bbox 333 2495 401 2527; x_wconf 89' lang='lat' dir='ltr'>qua</span> <span class='ocrx_word' id='word_1_506' title='bbox 417 2485 533 2517; x_wconf 85' lang='lat' dir='ltr'>delata</span> <span class='ocrx_word' id='word_1_507' title='bbox 557 2485 671 2517; x_wconf 89' lang='lat' dir='ltr'>omnia</span> <span class='ocrx_word' id='word_1_508' title='bbox 690 2486 772 2528; x_wconf 89' lang='lat' dir='ltr'>igne</span> <span class='ocrx_word' id='word_1_509' title='bbox 796 2485 1040 2517; x_wconf 81' lang='lat' dir='ltr'>concremavit.</span> <span class='ocrx_word' id='word_1_510' title='bbox 1088 2484 1194 2522; x_wconf 90' lang='lat' dir='ltr'>Quod</span> <span class='ocrx_word' id='word_1_511' title='bbox 1218 2485 1378 2516; x_wconf 90' lang='lat' dir='ltr'>nimirum</span> <span class='ocrx_word' id='word_1_512' title='bbox 1402 2486 1453 2517; x_wconf 94' lang='lat' dir='ltr'>vir</span> <span class='ocrx_word' id='word_1_513' title='bbox 1477 2491 1615 2517; x_wconf 89' lang='lat' dir='ltr'>sanctus</span> <span class='ocrx_word' id='word_1_514' title='bbox 1631 2485 1774 2521; x_wconf 84' lang='lat' dir='ltr'>faciens,</span> <span class='ocrx_word' id='word_1_515' title='bbox 1791 2484 1981 2526; x_wconf 81' lang='lat' dir='ltr'>exemplum</span> 
     </span>
     <span class='ocr_line' id='line_1_43' title="bbox 148 2536 1981 2581; baseline -0.001 -12"><span class='ocrx_word' id='word_1_516' title='bbox 148 2538 296 2580; x_wconf 86' lang='lat' dir='ltr'>posteris</span> <span class='ocrx_word' id='word_1_517' title='bbox 319 2538 426 2579; x_wconf 87' lang='lat' dir='ltr'>dedit,</span> <span class='ocrx_word' id='word_1_518' title='bbox 449 2544 486 2570; x_wconf 90' lang='lat' dir='ltr'>ut</span> <span class='ocrx_word' id='word_1_519' title='bbox 509 2538 656 2571; x_wconf 81' lang='lat' dir='ltr'>fratrum</span> <span class='ocrx_word' id='word_1_520' title='bbox 679 2548 846 2580; x_wconf 88' lang='lat' dir='ltr'>personas</span> <span class='ocrx_word' id='word_1_521' title='bbox 869 2538 1026 2581; x_wconf 88' lang='lat' dir='ltr'>diligant,</span> <span class='ocrx_word' id='word_1_522' title='bbox 1046 2544 1080 2571; x_wconf 89' lang='lat' dir='ltr'>et</span> <span class='ocrx_word' id='word_1_523' title='bbox 1103 2538 1294 2570; x_wconf 88' lang='lat' dir='ltr'>animarum</span> <span class='ocrx_word' id='word_1_524' title='bbox 1318 2539 1467 2580; x_wconf 90' lang='lat' dir='ltr'>dampna</span> <span class='ocrx_word' id='word_1_525' title='bbox 1493 2536 1570 2571; x_wconf 81' lang='lat' dir='ltr'>fieri&#39;</span> <span class='ocrx_word' id='word_1_526' title='bbox 1591 2538 1716 2570; x_wconf 92' lang='lat' dir='ltr'>nullius</span> <span class='ocrx_word' id='word_1_527' title='bbox 1739 2537 1827 2569; x_wconf 91' lang='lat' dir='ltr'>lucri</span> <span class='ocrx_word' id='word_1_528' title='bbox 1844 2537 1981 2579; x_wconf 89' lang='lat' dir='ltr'>dispen-</span> 
     </span>
     <span class='ocr_line' id='line_1_44' title="bbox 149 2590 514 2633; baseline 0.003 -11"><span class='ocrx_word' id='word_1_529' title='bbox 149 2590 281 2623; x_wconf 87' lang='lat' dir='ltr'>satione</span> <span class='ocrx_word' id='word_1_530' title='bbox 304 2591 514 2633; x_wconf 86' lang='lat' dir='ltr'>permittant.</span> 
     </span>
    </p>

    <p class='ocr_par' dir='ltr' id='par_1_14' title="bbox 240 2643 1982 2687">
     <span class='ocr_line' id='line_1_45' title="bbox 240 2643 1982 2687; baseline -0.001 -11"><span class='ocrx_word' id='word_1_531' title='bbox 240 2643 279 2676; x_wconf 90' lang='lat' dir='ltr'>In</span> <span class='ocrx_word' id='word_1_532' title='bbox 303 2644 468 2687; x_wconf 81' lang='lat' dir='ltr'>Synod0¹</span> <span class='ocrx_word' id='word_1_533' title='bbox 493 2645 525 2677; x_wconf 89' lang='lat' dir='ltr'>ei</span> <span class='ocrx_word' id='word_1_534' title='bbox 549 2655 644 2678; x_wconf 88' lang='lat' dir='ltr'>more</span> <span class='ocrx_word' id='word_1_535' title='bbox 666 2655 728 2677; x_wconf 89' lang='lat' dir='ltr'>suo</span> <span class='ocrx_word' id='word_1_536' title='bbox 754 2645 846 2676; x_wconf 90' lang='lat' dir='ltr'>nudo</span> <span class='ocrx_word' id='word_1_537' title='bbox 870 2644 983 2686; x_wconf 91' lang='lat' dir='ltr'>capite</span> <span class='ocrx_word' id='word_1_538' title='bbox 1005 2645 1169 2677; x_wconf 88' lang='lat' dir='ltr'>residenti</span> <span class='ocrx_word' id='word_1_539' title='bbox 1200 2650 1320 2676; x_wconf 88' lang='lat' dir='ltr'>sancte</span> <span class='ocrx_word' id='word_1_540' title='bbox 1351 2645 1518 2677; x_wconf 90' lang='lat' dir='ltr'>memorie</span> <span class='ocrx_word' id='word_1_541' title='bbox 1543 2655 1634 2687; x_wconf 89' lang='lat' dir='ltr'>papa</span> <span class='ocrx_word' id='word_1_542' title='bbox 1664 2645 1824 2677; x_wconf 91' lang='lat' dir='ltr'>Urbanus</span> <span class='ocrx_word' id='word_1_543' title='bbox 1848 2644 1982 2686; x_wconf 88' lang='lat' dir='ltr'>pontifi-</span> 
     </span>
    </p>

    <p class='ocr_par' dir='ltr' id='par_1_15' title="bbox 88 2696 1983 2846">
     <span class='ocr_line' id='line_1_46' title="bbox 88 2696 1983 2741; baseline -0.001 -11"><span class='ocrx_word' id='word_1_544' title='bbox 88 2697 128 2730; x_wconf 83' lang='lat'>45</span> <span class='ocrx_word' id='word_1_545' title='bbox 152 2697 263 2730; x_wconf 89' lang='lat' dir='ltr'>calem</span> <span class='ocrx_word' id='word_1_546' title='bbox 284 2697 431 2730; x_wconf 71' lang='lat' dir='ltr'>infulam</span> <span class='ocrx_word' id='word_1_547' title='bbox 454 2698 556 2737; x_wconf 89' lang='lat' dir='ltr'>misit,</span> <span class='ocrx_word' id='word_1_548' title='bbox 579 2708 680 2741; x_wconf 88' lang='lat' dir='ltr'>quam</span> <span class='ocrx_word' id='word_1_549' title='bbox 705 2698 820 2741; x_wconf 89' lang='lat' dir='ltr'>utique</span> <span class='ocrx_word' id='word_1_550' title='bbox 845 2698 898 2729; x_wconf 89' lang='lat' dir='ltr'>vir</span> <span class='ocrx_word' id='word_1_551' title='bbox 914 2697 1053 2730; x_wconf 90' lang='lat' dir='ltr'>Domini</span> <span class='ocrx_word' id='word_1_552' title='bbox 1069 2703 1104 2729; x_wconf 89' lang='lat' dir='ltr'>et</span> <span class='ocrx_word' id='word_1_553' title='bbox 1118 2708 1181 2739; x_wconf 92' lang='lat' dir='ltr'>pro</span> <span class='ocrx_word' id='word_1_554' title='bbox 1198 2699 1319 2730; x_wconf 89' lang='lat' dir='ltr'>summi</span> <span class='ocrx_word' id='word_1_555' title='bbox 1335 2698 1506 2740; x_wconf 87' lang='lat' dir='ltr'>pontificis</span> <span class='ocrx_word' id='word_1_556' title='bbox 1522 2698 1717 2730; x_wconf 88' lang='lat' dir='ltr'>reverentia</span> <span class='ocrx_word' id='word_1_557' title='bbox 1741 2696 1983 2729; x_wconf 89' lang='lat' dir='ltr'>venerabiliter</span> 
     </span>
     <span class='ocr_line' id='line_1_47' title="bbox 153 2750 1982 2793; baseline -0.001 -11"><span class='ocrx_word' id='word_1_558' title='bbox 153 2751 297 2793; x_wconf 88' lang='lat' dir='ltr'>recepit,</span> <span class='ocrx_word' id='word_1_559' title='bbox 320 2756 356 2783; x_wconf 89' lang='lat' dir='ltr'>et</span> <span class='ocrx_word' id='word_1_560' title='bbox 379 2750 622 2784; x_wconf 87' lang='lat' dir='ltr'>officiosissime</span> <span class='ocrx_word' id='word_1_561' title='bbox 645 2751 815 2788; x_wconf 85' lang='lat' dir='ltr'>salutavit,</span> <span class='ocrx_word' id='word_1_562' title='bbox 841 2757 875 2784; x_wconf 90' lang='lat' dir='ltr'>et</span> <span class='ocrx_word' id='word_1_563' title='bbox 898 2756 1012 2783; x_wconf 89' lang='lat' dir='ltr'>tamen</span> <span class='ocrx_word' id='word_1_564' title='bbox 1037 2751 1190 2783; x_wconf 90' lang='lat' dir='ltr'>eiusdem</span> <span class='ocrx_word' id='word_1_565' title='bbox 1214 2751 1440 2783; x_wconf 89' lang='lat' dir='ltr'>sacerdotalis</span> <span class='ocrx_word' id='word_1_566' title='bbox 1463 2751 1565 2782; x_wconf 91' lang='lat' dir='ltr'>mitre</span> <span class='ocrx_word' id='word_1_567' title='bbox 1588 2762 1695 2789; x_wconf 90' lang='lat' dir='ltr'>usum,</span> <span class='ocrx_word' id='word_1_568' title='bbox 1720 2751 1823 2782; x_wconf 88' lang='lat' dir='ltr'>etiam</span> <span class='ocrx_word' id='word_1_569' title='bbox 1840 2756 1982 2793; x_wconf 87' lang='lat' dir='ltr'>rogante</span> 
     </span>
     <span class='ocr_line' id='line_1_48' title="bbox 150 2804 1982 2846; baseline -0.001 -10"><span class='ocrx_word' id='word_1_570' title='bbox 150 2815 252 2846; x_wconf 85' lang='lat' dir='ltr'>papa,</span> <span class='ocrx_word' id='word_1_571' title='bbox 275 2804 493 2846; x_wconf 88' lang='lat' dir='ltr'>contempsit.</span> <span class='ocrx_word' id='word_1_572' title='bbox 541 2804 648 2842; x_wconf 88' lang='lat' dir='ltr'>Quod</span> <span class='ocrx_word' id='word_1_573' title='bbox 668 2815 737 2837; x_wconf 91' lang='lat' dir='ltr'>non</span> <span class='ocrx_word' id='word_1_574' title='bbox 760 2804 805 2837; x_wconf 93' lang='lat' dir='ltr'>ob</span> <span class='ocrx_word' id='word_1_575' title='bbox 828 2805 925 2837; x_wconf 90' lang='lat' dir='ltr'>aliud</span> <span class='ocrx_word' id='word_1_576' title='bbox 948 2804 1076 2836; x_wconf 74' lang='lat' dir='ltr'>fecisse</span> <span class='ocrx_word' id='word_1_577' title='bbox 1094 2805 1259 2843; x_wconf 89' lang='lat' dir='ltr'>creditur,</span> <span class='ocrx_word' id='word_1_578' title='bbox 1277 2805 1342 2836; x_wconf 92' lang='lat' dir='ltr'>nisi</span> <span class='ocrx_word' id='word_1_579' title='bbox 1359 2811 1395 2836; x_wconf 92' lang='lat' dir='ltr'>ut</span> <span class='ocrx_word' id='word_1_580' title='bbox 1411 2804 1637 2846; x_wconf 88' lang='lat' dir='ltr'>quorumdam</span> <span class='ocrx_word' id='word_1_581' title='bbox 1661 2804 1858 2846; x_wconf 88' lang='lat' dir='ltr'>arrogantia</span> <span class='ocrx_word' id='word_1_582' title='bbox 1873 2804 1982 2835; x_wconf 90' lang='lat' dir='ltr'>humi-</span> 
     </span>
    </p>
   </div>
   <div class='ocr_carea' id='block_1_5' title="bbox 241 2919 1979 2954">
    <p class='ocr_par' dir='ltr' id='par_1_16' title="bbox 241 2919 1979 2954">
     <span class='ocr_line' id='line_1_49' title="bbox 241 2919 1979 2954; baseline -0.001 -9"><span class='ocrx_word' id='word_1_583' title='bbox 241 2920 249 2936; x_wconf 90' lang='lat'>¹</span> <span class='ocrx_word' id='word_1_584' title='bbox 265 2920 290 2945; x_wconf 92' lang='lat' dir='ltr'>Il</span> <span class='ocrx_word' id='word_1_585' title='bbox 310 2921 436 2946; x_wconf 81' lang='lat' dir='ltr'>concilio</span> <span class='ocrx_word' id='word_1_586' title='bbox 455 2921 484 2946; x_wconf 87' lang='lat' dir='ltr'>di</span> <span class='ocrx_word' id='word_1_587' title='bbox 505 2921 582 2946; x_wconf 81' lang='lat' dir='ltr'>Melfi</span> <span class='ocrx_word' id='word_1_588' title='bbox 596 2922 642 2946; x_wconf 88' lang='lat' dir='ltr'>del</span> <span class='ocrx_word' id='word_1_589' title='bbox 656 2923 806 2947; x_wconf 82' lang='lat' dir='ltr'>settembre</span> <span class='ocrx_word' id='word_1_590' title='bbox 829 2922 911 2954; x_wconf 85' lang='lat'>1089;</span> <span class='ocrx_word' id='word_1_591' title='bbox 932 2923 961 2946; x_wconf 90' lang='lat' dir='ltr'>in</span> <span class='ocrx_word' id='word_1_592' title='bbox 976 2929 1041 2954; x_wconf 90' lang='lat' dir='ltr'>que·</span> <span class='ocrx_word' id='word_1_593' title='bbox 1096 2921 1214 2946; x_wconf 86' lang='lat' dir='ltr'>Cilento</span> <span class='ocrx_word' id='word_1_594' title='bbox 1233 2923 1261 2946; x_wconf 84' lang='lat' dir='ltr'>di</span> <span class='ocrx_word' id='word_1_595' title='bbox 1283 2919 1429 2954; x_wconf 75' lang='lat' dir='ltr'>proprieta</span> <span class='ocrx_word' id='word_1_596' title='bbox 1449 2922 1492 2945; x_wconf 89' lang='lat' dir='ltr'>del</span> <span class='ocrx_word' id='word_1_597' title='bbox 1515 2923 1685 2951; x_wconf 80' lang='lat' dir='ltr'>monastero,</span> <span class='ocrx_word' id='word_1_598' title='bbox 1707 2922 1756 2945; x_wconf 83' lang='lat' dir='ltr'>che</span> <span class='ocrx_word' id='word_1_599' title='bbox 1782 2921 1886 2945; x_wconf 77' lang='lat' dir='ltr'>furono</span> <span class='ocrx_word' id='word_1_600' title='bbox 1906 2921 1979 2944; x_wconf 87' lang='lat' dir='ltr'>elen-</span> 
     </span>
    </p>
   </div>
   <div class='ocr_carea' id='block_1_6' title="bbox 154 2961 2023 2996">
    <p class='ocr_par' dir='ltr' id='par_1_17' title="bbox 154 2961 2023 2996">
     <span class='ocr_line' id='line_1_50' title="bbox 154 2961 2023 2996; baseline -0.001 -10"><span class='ocrx_word' id='word_1_601' title='bbox 154 2964 198 2987; x_wconf 86' lang='lat' dir='ltr'>sto</span> <span class='ocrx_word' id='word_1_602' title='bbox 217 2963 346 2987; x_wconf 80' lang='lat' dir='ltr'>concilio</span> <span class='ocrx_word' id='word_1_603' title='bbox 366 2963 483 2987; x_wconf 85' lang='lat' dir='ltr'>Urbano</span> <span class='ocrx_word' id='word_1_604' title='bbox 502 2963 528 2988; x_wconf 94' lang='lat'>11</span> <span class='ocrx_word' id='word_1_605' title='bbox 548 2963 632 2987; x_wconf 80' lang='lat' dir='ltr'>defini</span> <span class='ocrx_word' id='word_1_606' title='bbox 653 2964 680 2988; x_wconf 90' lang='lat' dir='ltr'>la</span> <span class='ocrx_word' id='word_1_607' title='bbox 700 2965 847 2996; x_wconf 82' lang='lat' dir='ltr'>questione</span> <span class='ocrx_word' id='word_1_608' title='bbox 862 2966 905 2989; x_wconf 84' lang='lat' dir='ltr'>tra</span> <span class='ocrx_word' id='word_1_609' title='bbox 920 2964 1041 2988; x_wconf 81' lang='lat' dir='ltr'>l’abbate</span> <span class='ocrx_word' id='word_1_610' title='bbox 1096 2966 1157 2988; x_wconf 86' lang='lat' dir='ltr'>cate</span> <span class='ocrx_word' id='word_1_611' title='bbox 1178 2964 1253 2988; x_wconf 87' lang='lat' dir='ltr'>nella</span> <span class='ocrx_word' id='word_1_612' title='bbox 1272 2963 1351 2987; x_wconf 86' lang='lat' dir='ltr'>bolla</span> <span class='ocrx_word' id='word_1_613' title='bbox 1372 2964 1436 2987; x_wconf 85' lang='lat' dir='ltr'>data</span> <span class='ocrx_word' id='word_1_614' title='bbox 1463 2963 1497 2987; x_wconf 90' lang='lat' dir='ltr'>da</span> <span class='ocrx_word' id='word_1_615' title='bbox 1517 2963 1630 2987; x_wconf 77' lang='lat' dir='ltr'>Venosa</span> <span class='ocrx_word' id='word_1_616' title='bbox 1651 2963 1670 2986; x_wconf 89' lang='lat' dir='ltr'>il</span> <span class='ocrx_word' id='word_1_617' title='bbox 1693 2970 1723 2987; x_wconf 82' lang='lat'>21</span> <span class='ocrx_word' id='word_1_618' title='bbox 1746 2963 1894 2986; x_wconf 82' lang='lat' dir='ltr'>settembre</span> <span class='ocrx_word' id='word_1_619' title='bbox 1916 2961 1982 2994; x_wconf 77' lang='lat'>1089</span> <span class='ocrx_word' id='word_1_620' title='bbox 2011 2970 2023 2994; x_wconf 80' lang='lat'>3</span> 
     </span>
    </p>
   </div>
   <div class='ocr_carea' id='block_1_7' title="bbox 155 3004 1519 3037">
    <p class='ocr_par' dir='ltr' id='par_1_18' title="bbox 155 3004 1519 3037">
     <span class='ocr_line' id='line_1_51' title="bbox 155 3004 1519 3037; baseline 0.001 -9"><span class='ocrx_word' id='word_1_621' title='bbox 155 3012 168 3028; x_wconf 86' lang='lat' dir='ltr'>e</span> <span class='ocrx_word' id='word_1_622' title='bbox 188 3004 325 3033; x_wconf 72' lang='lat' dir='ltr'>Maraldo,</span> <span class='ocrx_word' id='word_1_623' title='bbox 344 3012 468 3030; x_wconf 82' lang='lat' dir='ltr'>vescovo</span> <span class='ocrx_word' id='word_1_624' title='bbox 488 3006 515 3030; x_wconf 93' lang='lat' dir='ltr'>di</span> <span class='ocrx_word' id='word_1_625' title='bbox 535 3005 629 3037; x_wconf 83' lang='lat' dir='ltr'>Pesto,</span> <span class='ocrx_word' id='word_1_626' title='bbox 656 3008 732 3031; x_wconf 89' lang='lat' dir='ltr'>circa</span> <span class='ocrx_word' id='word_1_627' title='bbox 758 3007 859 3031; x_wconf 83' lang='lat' dir='ltr'>alcune</span> <span class='ocrx_word' id='word_1_628' title='bbox 885 3007 977 3031; x_wconf 88' lang='lat' dir='ltr'>chiese</span> <span class='ocrx_word' id='word_1_629' title='bbox 996 3006 1040 3030; x_wconf 87' lang='lat' dir='ltr'>del</span> <span class='ocrx_word' id='word_1_630' title='bbox 1095 3006 1133 3037; x_wconf 81' lang='lat' dir='ltr'>(v.</span> <span class='ocrx_word' id='word_1_631' title='bbox 1154 3006 1247 3034; x_wconf 67' lang='lat' dir='ltr'>Ksun,</span> <span class='ocrx_word' id='word_1_632' title='bbox 1266 3010 1307 3036; x_wconf 82' lang='lat' dir='ltr'>op.</span> <span class='ocrx_word' id='word_1_633' title='bbox 1327 3007 1381 3034; x_wconf 87' lang='lat' dir='ltr'>cit.,</span> <span class='ocrx_word' id='word_1_634' title='bbox 1402 3013 1426 3037; x_wconf 89' lang='lat' dir='ltr'>p.</span> <span class='ocrx_word' id='word_1_635' title='bbox 1446 3005 1519 3037; x_wconf 80' lang='lat'>318).</span> 
     </span>
    </p>
   </div>
   <div class='ocr_carea' id='block_1_8' title="bbox 2063 1224 2145 1240">
    <p class='ocr_par' dir='ltr' id='par_1_19' title="bbox 2063 1224 2145 1240">
     <span class='ocr_line' id='line_1_52' title="bbox 2063 1224 2145 1240; baseline -0.024 -3"><span class='ocrx_word' id='word_1_636' title='bbox 2063 1225 2082 1237; x_wconf 72' lang='lat' dir='ltr'>e.</span> <span class='ocrx_word' id='word_1_637' title='bbox 2099 1224 2123 1240; x_wconf 69' lang='lat'>1(</span> <span class='ocrx_word' id='word_1_638' title='bbox 2133 1225 2145 1235; x_wconf 70' lang='grc' dir='ltr'>ι’</span> 
     </span>
    </p>
   </div>
   <div class='ocr_carea' id='block_1_9' title="bbox 2036 1631 2164 1650">
    <p class='ocr_par' dir='ltr' id='par_1_20' title="bbox 2036 1631 2164 1650">
     <span class='ocr_line' id='line_1_53' title="bbox 2036 1631 2164 1650; baseline -0.023 0"><span class='ocrx_word' id='word_1_639' title='bbox 2036 1631 2091 1650; x_wconf 58' lang='lat' dir='ltr'>Mn..</span> <span class='ocrx_word' id='word_1_640' title='bbox 2106 1645 2110 1649; x_wconf 90' lang='lat'>.</span> <span class='ocrx_word' id='word_1_641' title='bbox 2127 1634 2164 1648; x_wconf 54' lang='lat' dir='ltr'>zan</span> 
     </span>
    </p>
   </div>
  </div>
 </body>
</html>
