2300 3554
107 1127 244 1160 Incmr
260 1127 454 1161 Pnonocus
470 1138 509 1161 m
525 1129 623 1161 VrrA
641 1131 821 1164 Amanum
837 1139 1057 1166 Nosraonum
1074 1133 1241 1173 ALFBRH,
1253 1135 1386 1168 Lnoms
1403 1136 1517 1169 Pss‘rar
1534 1146 1658 1174 ATQUE
1673 1138 1920 1171 Coum-nmmo.

371 1325 383 1347 1
404 1315 496 1347 iuxta
519 1316 635 1348 divine
659 1319 860 1350 sententiam
886 1319 1059 1351 veritatis¹
1085 1320 1224 1353 lucerna
1248 1322 1292 1354 ad
1315 1322 1382 1354 hoc
1413 1322 1624 1360 accenditur,
1654 1328 1690 1354 ut
1713 1334 1815 1365 super
1840 1334 1919 1355 can-

379 1368 558 1400 delabrum
582 1369 692 1411 posita
709 1371 821 1402 lumen
843 1372 980 1403 domum
996 1373 1204 1406 intrantibus
1220 1373 1363 1415 prebeat
1376 1373 1399 1413 ²,
1417 1374 1503 1406 bene
1521 1375 1652 1416 prolate
1669 1377 1835 1408 sententie
1854 1377 1919 1409 vir-

378 1426 483 1453 tutem
508 1422 718 1464 exequimur,
742 1424 770 1455 si
793 1430 988 1456 sanctorum
1015 1426 1163 1458 virorum
1189 1427 1346 1469 exempla
1371 1429 1414 1460 ad
1445 1429 1614 1460 minorum
1646 1429 1790 1461 formam
1821 1429 1920 1462 altius

50 1471 68 1504 5
381 1473 608 1507 sublevemus.
640 1475 693 1507 Ex
708 1475 777 1509 alto
794 1477 933 1519 quidem
951 1488 1009 1510 sue
1027 1479 1258 1518 revelationis,
1275 1480 1318 1512 ad
1335 1481 1441 1512 instar
1457 1481 1557 1523 ignis,
1574 1491 1640 1523 quo
1656 1481 1790 1524 longius
1805 1482 1919 1514 lumen

97 1528 288 1570 proferunt,
304 1527 451 1560 invitare
469 1539 538 1566 eos,
555 1539 640 1571 quos
655 1529 836 1568 illustrant,
853 1531 974 1562 melius
991 1532 1151 1573 possunt!
1177 1533 1307 1576 Magna
1322 1534 1459 1575 quidem
1478 1545 1554 1566 cum
1569 1535 1696 1566 fuerint
1712 1541 1745 1567 et
1763 1535 1921 1567 nesciun-

97 1586 162 1619 tur,
178 1591 338 1624 magnum
363 1580 456 1624 quod
479 1581 607 1614 habent
624 1582 737 1614 lumen
754 1593 822 1615 non
839 1585 1029 1624 proferunt,
1053 1586 1132 1628 quia
1154 1587 1188 1618 in
1212 1587 1286 1619 imis
1310 1587 1394 1619 locis
1410 1594 1444 1619 et
1469 1587 1594 1620 abditis
1610 1589 1834 1620 occultantur.
1880 1589 1922 1621 Et

97 1634 243 1667 fortasse
258 1635 388 1666 iccirco
404 1634 571 1667 abscondi
594 1635 656 1667 sub
669 1635 783 1668 modio
800 1636 941 1668 lucerna
964 1637 1101 1677 dicitur,
1118 1640 1197 1682 quia
1213 1641 1271 1679 hii,
1287 1642 1344 1683 qui
1361 1647 1556 1674 sanctorum
1573 1641 1722 1674 lucidam
1742 1652 1921 1674 conversa-

96 1687 226 1721 tionem
249 1687 371 1726 sciunt,
394 1698 457 1731 pro
473 1688 631 1730 perfecta
647 1700 805 1721 mensura
828 1689 963 1722 illorum
987 1701 1086 1733 quam
1103 1694 1293 1733 continent,
1310 1695 1414 1727 modii
1438 1695 1574 1726 nomine
1592 1695 1824 1738 designantur.
1870 1695 1921 1727 Ex

37 1742 76 1774 10
98 1741 258 1774 inferiori
282 1752 362 1774 vero
386 1748 484 1784 parte
507 1743 753 1784 exprimuntur,
776 1744 914 1786 quando
937 1744 1022 1777 scita
1051 1745 1276 1786 abscondunt,
1300 1748 1379 1790 quia
1401 1759 1463 1790 per
1487 1748 1640 1780 meritum
1673 1758 1708 1780 se
1733 1749 1766 1780 in
1791 1749 1857 1781 imo
1890 1755 1923 1781 et

97 1795 234 1828 abiecto
257 1795 336 1828 loco
359 1796 578 1829 constituunt.
625 1796 714 1828 Hinc
738 1797 839 1828 etiam
863 1797 1033 1840 scriptura
1056 1809 1156 1832 sacra
1178 1799 1357 1833 denuntiat
1381 1801 1521 1834 dicens:
1547 1800 1614 1838 Qui
1647 1801 1828 1834 abscondit
1852 1802 1922 1834 fru-

97 1854 213 1881 menta
235 1849 461 1882 maledicetur
483 1851 518 1882 in
543 1850 678 1892 populis
691 1850 714 1883 ³.
761 1849 857 1888 Quid
879 1852 969 1884 enim
1001 1852 1250 1886 frumentorum
1281 1853 1417 1886 nomine
1450 1854 1511 1886 nisi
1543 1860 1736 1887 sanctorum
1767 1856 1923 1897 exempla

99 1903 313 1947 figurantur?
336 1904 389 1936 Ex
412 1903 568 1936 omnibus
590 1903 728 1947 quidem
751 1906 867 1948 granis
889 1906 1113 1940 excellentior
1134 1906 1231 1939 cibus
1253 1905 1321 1939 est.'
1366 1907 1581 1939 Excellentia
1610 1917 1692 1950 ergo
1716 1908 1807 1939 facta
1838 1918 1914 1949 per-

98 1957 270 1990 fectorum
293 1958 454 1990 frumenti
478 1958 614 1990 nomine
639 1958 861 2001 designantur
870 1958 893 1997 ⁴,
918 1959 997 2001 quia
1020 1970 1088 2003 quo
1112 1961 1244 1992 dulcius
1268 1960 1332 1992 hec
1348 1960 1497 1992 fidelium
1513 1966 1644 1992 mentes
1660 1961 1865 2002 percipiunt,
1881 1971 1922 1993 eo

37 2008 76 2042 15
97 2009 232 2052 plenius
255 2010 349 2042 velut
371 2010 414 2042 de
439 2010 592 2043 electiori
616 2010 694 2043 cibo
717 2017 920 2044 saturantur.
968 2012 1003 2044 Si
1021 2023 1104 2056 ergo
1127 2013 1340 2046 maledicitur
1356 2013 1412 2055 qui
1431 2013 1601 2044 frumenta
1617 2012 1808 2050 abscondit,
1825 2019 1921 2045 caute

98 2063 309 2106 vigilandum
333 2069 395 2103 est,
412 2070 449 2096 ut
464 2065 510 2096 ad
534 2074 782 2107 quemcumque
800 2065 936 2097 fidelem
953 2065 1037 2098 mira
1052 2072 1248 2099 sanctorum
1273 2066 1367 2098 facta
1382 2066 1610 2108 pervenerint,
1625 2066 1690 2098 hec
1707 2066 1921 2108 predicando

97 2117 263 2158 proferat,
286 2127 329 2149 ne
353 2117 570 2150 maledictum
594 2118 755 2156 incurrat,
779 2125 812 2151 et
835 2118 1040 2151 occultando
1064 2119 1101 2150 in
1121 2120 1190 2151 imo
1214 2119 1265 2160 sit,
1289 2119 1348 2160 qui
1371 2119 1576 2160 exponendo
1600 2118 1671 2151 fieri
1695 2119 1831 2151 luminis
1847 2129 1924 2151 can·

98 2169 277 2203 delabrum
293 2170 436 2203 sublime
462 2178 574 2213 potest
586 2171 606 2202 ⁵.
653 2172 757 2205 Unde
783 2174 885 2204 etiam
909 2173 942 2204 in
967 2173 1146 2215 evangelio
1171 2172 1333 2204 Dominus
1357 2172 1463 2205 dicit:
1488 2172 1524 2204 Si
1541 2172 1574 2203 in
1592 2172 1704 2204 alieno
1720 2172 1839 2204 fideles
1855 2182 1923 2203 non

100 2224 222 2262 fuistis,
246 2235 311 2268 que
334 2231 450 2258 vestra
479 2232 557 2257 sunt
580 2225 656 2267 quis
677 2224 773 2258 dabit
797 2226 942 2258 vobis?⁸
966 2226 1041 2270 Ego
1064 2226 1167 2269 igitur
1190 2232 1258 2258 tam
1281 2226 1334 2257 his
1358 2231 1391 2257 et
1414 2226 1607 2258 huiusmodi
1630 2226 1766 2258 territus
1778 2225 1800 2263 ⁷,
1824 2236 1924 2268 quam

35 2278 77 2310 20
101 2278 202 2310 etiam
226 2279 437 2311 audientium
460 2278 674 2320 profectibus
697 2279 868 2317 invitatus,
892 2279 1138 2312 venerabilium
1161 2285 1294 2321 patrum
1317 2278 1443 2310 Alferii
1466 2278 1640 2317 videlicet,
1664 2278 1809 2316 Leonis‚'
1826 2278 1920 2311 Petri

101 2336 204 2374 atque
225 2331 432 2364 Constabilis
455 2331 617 2364 abbatum
641 2330 858 2370 Cavensium,
875 2339 909 2364 et
932 2333 1013 2364 item
1031 2332 1246 2374 quorundam
1262 2332 1496 2375 religiosorum
1520 2332 1662 2364 fratrum
1686 2332 1838 2364 eiusdem
1856 2342 1926 2363 mo-

100 2384 241 2417 nasterii
253 2383 264 2401 ⁸
281 2385 367 2416 vitas
383 2391 483 2427 atque
501 2385 668 2418 miracula
682 2386 833 2418 scribere
850 2385 1024 2427 proposui,
1049 2392 1086 2417 ut
1109 2385 1190 2427 quia
1212 2391 1351 2417 auctore
1375 2384 1448 2416 Deo
1465 2383 1556 2416 idem
1572 2385 1727 2417 Cavense
1745 2384 1924 2416 cenobium

101 2448 224 2481 magne
246 2437 428 2481 'religionis
444 2444 505 2476 est,
520 2438 654 2482 iamque
671 2438 822 2471 eiusdem
847 2439 1020 2481 religionis
1043 2439 1128 2470 ordo
1151 2438 1252 2481 longe
1274 2438 1411 2481 lateque
1435 2437 1650 2476 diffunditur,
1674 2437 1721 2469 hii
1737 2437 1793 2479 qui
1811 2447 1926 2469 eorum

102 2498 289 2535 sequuntur
309 2492 566 2531 institutionem,
589 2493 753 2535 exemplis
775 2499 878 2536 atque
902 2492 1072 2524 miraculis
1096 2490 1339 2524 accendantur.
1388 2490 1492 2529 Quod
1514 2491 1675 2532 profecto
1693 2489 1800 2528 vobis,
1817 2490 1926 2522 karis-

190 2602 199 2619 ¹
217 2603 243 2628 S.
264 2603 413 2628 Ammosn
432 2605 476 2628 De
502 2604 663 2635 Virginibus,
684 2611 743 2637 cap.
770 2604 798 2627 1:
818 2605 831 2617 ⁸
844 2604 872 2628 Si
898 2604 980 2628 iuxta
1040 2603 1206 2632 “ledicltur,
1226 2604 1292 2634 quia
1311 2603 1341 2626 in
1362 2601 1449 2625 solius
1465 2601 1576 2625 silentii
1595 2601 1678 2633 culpa
1697 2607 1748 2632 pro
1763 2600 1924 2630 multorum,

106 2644 119 2658 “
133 2646 263 2670 caelestis
282 2647 453 2670 sententiam
474 2646 606 2670 veritatis
620 2663 641 2676 ,.
1047 2643 1141 2676 “quos
1160 2644 1300 2676 corrigere
1319 2643 1413 2675 potuit
1434 2649 1522 2674 poena
1542 2643 1684 2666 dannatur
1695 2659 1719 2672 n·

190 2685 202 2702 ³
221 2687 392 2716 ΜΛΤΤΗΑει,
411 2686 445 2716 V,
468 2694 506 2719 ις.
1132 2684 1144 2701 ⁸
1161 2685 1271 2715 Luem,
1289 2684 1362 2712 XVI.
1384 2691 1423 2708 12.

192 2727 204 2744 ³
222 2729 376 2759 Pnovmm„
394 2728 442 2761 XI,
464 2730 502 2753 16.
1132 2726 1143 2743 ⁷
1162 2727 1189 2752 S.
1209 2726 1359 2751 Gneoom
1374 2728 1483 2758 Regula
1502 2734 1583 2750 curae
1597 2729 1680 2756 past..
1701 2726 1750 2756 111,
1769 2732 1847 2749 xxv:
1868 2726 1927 2750 “Hi

63 2779 77 2805 5
192 2770 203 2787 ⁴
216 2771 243 2796 S.
257 2771 406 2796 Gnaconu
420 2772 567 2796 stloralium
580 2772 607 2796 in
623 2771 678 2803 Job
691 2772 740 2795 lib.
754 2770 858 2795 XXVII
870 2778 875 2793 1
890 2772 901 2784 ‘⁴
913 2770 988 2798 Quid
1047 2770 1166 2801 “itaque
1184 2777 1245 2793 cum
1265 2769 1337 2800 apud
1364 2776 1391 2792 se
1410 2775 1564 2792 sermonem
1584 2768 1806 2800 praedicationis
1834 2768 1927 2791 occul-

106 2814 206 2837 “enim
223 2814 306 2837 electi
319 2813 422 2845 quique
435 2815 501 2837 sunt
515 2814 570 2837 nisi
585 2813 726 2837 frumenta
746 2813 912 2837 caelestibus
925 2813 991 2836 hor·
1045 2811 1058 2824 ‘¹
1069 2814 1140 2842 tant,
1169 2811 1284 2836 divinas
1313 2812 1411 2835 contra
1441 2817 1469 2834 se
1497 2811 1653 2834 sententias
1681 2810 1851 2833 terribiliter
1883 2817 1928 2833 au-

107 2855 121 2868 *
131 2856 185 2880 reis
205 2855 352 2879 recondita
365 2855 374 2879 ?
385 2872 410 2886 η.
1048 2854 1061 2867 ‘¹
1072 2854 1152 2878 diant
1164 2873 1187 2885 „.

193 2895 204 2912 ⁵
233 2897 260 2921 S.
286 2896 434 2922 Gasconn
461 2897 570 2928 Regula
600 2905 681 2921 curae
702 2900 818 2927 panon,
844 2896 891 2923 111,
915 2902 990 2920 xxv:
1131 2894 1142 2910 ⁸
1155 2895 1219 2919 Non
1233 2895 1339 2919 sembra
1354 2895 1402 2918 che
1416 2895 1497 2918 abbia
1511 2895 1560 2926 poi
1574 2895 1676 2918 scritto
1691 2894 1762 2918 altre
1776 2894 1842 2917 Vite
1855 2893 1929 2917 oltre

107 2939 121 2953 u
131 2939 281 2963 Frumenta
300 2939 472 2963 abscondere
489 2941 533 2963 est
552 2939 776 2971 praedicationis
790 2940 904 2962 sanctae
917 2937 991 2970 apud
1045 2937 1136 2969 quelle
1155 2938 1230 2969 degli
1249 2938 1355 2967 abbati,
1369 2935 1468 2968 perche
1482 2936 1508 2960 le
1521 2936 1618 2969 parole
1634 2943 1686 2959 con
1701 2936 1746 2959 cui
1759 2937 1880 2959 termina
1900 2936 1926 2959 la

48 2987 80 3005 10
107 2981 120 2994 ⁸
132 2987 162 3005 se
180 2981 264 3006 verba
283 2982 412 3005 retinere.
431 2980 463 3005 In
482 2981 599 3014 populis
614 2982 707 3005 autem
721 2981 788 3005 talis
803 2981 921 3012 quisque
936 2987 993 3003 ma·
1046 2980 1106 3003 vita
1125 2979 1154 3003 di
1174 2986 1222 3003 san
1237 2978 1404 3003 Constabile
1424 2984 1495 3002 sono
1515 2984 1570 3001 una
1590 2977 1772 3001 conclusione
1790 2976 1881 3001 finale.

1973 1334 2047 1358 Mus„
2064 1342 2101 1360 ²05

2009 1395 2075 1410 nl?

1977 2448 2052 2474 Mun..
2066 2451 2106 2468 ποθ

1958 2775 1986 2800 ¹5

1957 2981 1990 3000 20
