2300 3554
1941 210 1982 243 19

393 205 556 241 VlTAE
587 205 853 245 QUATUOR
883 205 1125 241 PRIORUM
1155 206 1413 242 ABBATUM
1444 206 1751 242 CAVENSIUM

159 338 271 370 studio
295 347 453 380 querere,
477 344 512 370 ut
536 339 638 370 etiam
663 348 725 380 pro
750 337 967 369 inveniendis
992 339 1040 369 eis
1056 338 1210 370 civitates
1235 339 1440 380 exploraret.
1488 339 1625 371 Revera
1651 346 1685 371 ut
1715 340 1883 382 scripture
1909 352 1983 371 eum

162 390 320 423 laudibus
336 400 594 434 prosequamur,
611 397 708 432 pater
724 390 954 432 orphanorum
970 396 1003 422 et
1021 391 1201 423 viduarum
1219 401 1285 422 non
1303 391 1405 423 iudex
1419 392 1440 429 ¹,
1456 393 1517 424 sed
1535 399 1739 434 procurator
1764 393 1839 424 fuit.
1887 393 1983 430 Quo-

158 455 233 476 rum
257 455 374 476 curam
400 444 445 476 ita
468 445 646 486 sapienter
669 443 847 486 disposuit,
872 450 908 475 ut
931 445 1021 475 clam
1044 444 1093 475 eis
1116 443 1207 476 unde
1231 450 1500 477 sustentarentur
1533 446 1788 483 transmitteret,
1818 453 1985 489 quatenus

158 503 192 529 et
216 497 264 529 illi
288 497 360 529 sine
384 496 507 529 rubore
531 497 765 539 perciperent,
788 503 822 528 et
846 497 937 539 quod
962 508 1024 538 pro
1048 503 1167 528 eterna
1192 498 1261 528 vita
1285 497 1515 539 impendebat.
1540 498 1742 530 occultaret.
1789 497 1918 536 Quare,
1949 505 1983 530 et

115 551 133 582 5
158 551 273 584 divine
298 551 530 583 misericordie
555 549 745 593 largitatem
771 550 816 582 ita
841 551 1038 592 promeruit,
1063 557 1098 581 ut
1121 553 1217 582 cum'
1236 551 1270 582 in
1294 551 1540 583 sustentatione
1558 561 1747 593 pauperum
1764 559 1856 584 tanta
1874 553 1985 583 effun-

159 605 267 643 deret,
291 615 427 646 semper
450 604 516 636 sibi
539 609 747 646 suppeteret,
770 603 861 635 unde
885 613 1019 645 semper
1043 603 1126 636 dare
1149 603 1366 635 abundanter
1390 605 1566 646 potuisset.
1615 604 1829 646 Propositum
1849 616 1982 647 nanque

155 658 263 690 sancti
288 657 349 690 viri
376 657 454 689 licet
477 656 616 689 omnino
640 656 815 694 niteretur,
839 656 1005 688 occultari
1029 667 1096 688 non
1120 657 1242 698 potuit,
1266 663 1378 699 atque,
1397 663 1432 690 ut
1448 663 1540 689 tante
1555 657 1667 699 gratie
1685 666 1894 689 mererentur
1912 669 1982 690 esse

157 710 354 752 participes,
378 720 448 742 non
470 710 579 742 solum
604 709 677 746 viri,
700 709 762 741 sed
785 708 888 741 etiam
913 710 1083 748 mulieres,
1112 715 1147 740 ut
1172 710 1343 747 valebant,
1376 720 1505 748 manus,
1534 710 1695 742 auxilium
1731 711 1982 743 ministrabant.

155 763 256 796 Tunc
280 763 332 795 vir
356 763 504 804 Domini,
528 768 565 794 ut
588 771 624 794 se
648 762 855 794 necessariis
881 762 1073 804 sumptibus
1096 763 1141 795 ad
1165 762 1411 804 perficiendum
1438 769 1592 804 paratum
1619 763 1715 801 vidit,
1739 764 1883 796 dilatare
1908 775 1978 796 mo-

97 818 134 850 10
158 818 342 850 nasterium
365 823 468 859 atque
502 821 594 848 tante
630 816 840 849 multitudini
871 822 987 858 aptum
1017 815 1249 848 habitaculum
1279 826 1401 858 parare
1429 816 1630 858 disposuit'.
1676 816 1782 854 Quod
1817 818 1984 854 nimirum,

156 871 274 903 divina
296 871 408 913 gratia
431 876 654 912 cooperante,
679 869 713 900 in
738 876 901 911 quantum
927 869 994 902 loci
1015 870 1172 911 angustia
1196 879 1295 910 passa
1319 876 1380 907 est,
1406 875 1471 901 tam
1497 870 1662 902 decenter
1685 870 1847 911 explevit,
1864 877 1899 902 ut
1916 872 1978 902 mi-

155 925 224 956 rari
255 924 407 956 eiusdem
438 923 554 965 operis
577 922 756 964 dispositio
788 922 906 963 possit,
936 922 1011 953 fere
1041 922 1197 953 extimari
1229 932 1295 954 non
1323 923 1441 963 possit.
1488 922 1590 953 Nam'
1615 932 1690 954 cum
1720 932 1762 954 cx
1786 933 1853 954 uno
1878 923 1981 954 latere

156 987 304 1018 scrupea
326 987 423 1018 rupe,
447 986 489 1008 ex
513 976 581 1007 alio
605 975 756 1018 pendula
779 974 926 1007 fluminis
949 974 1050 1016 ripa³
1075 975 1267 1013 claudatur,
1291 975 1478 1007 intercluso
1502 975 1559 1006 illo
1584 975 1700 1007 medio
1732 986 1837 1017 parvo
1870 976 1981 1017 spatio

156 1030 296 1063 edificia
319 1034 413 1062 tanta
437 1029 581 1061 fundata
604 1035 692 1066 sunt,
716 1034 752 1060 ut
775 1038 853 1060 curn
876 1028 962 1060 foris
987 1028 1082 1060 locus
1105 1028 1269 1064 cernitur,
1287 1027 1442 1060 mirabile
1459 1027 1600 1060 omnino
1617 1028 1659 1059 sit
1676 1029 1982 1069 perscrutantibus,

157 1083 251 1126 quod
273 1088 368 1115 tanta
390 1082 482 1114 intus
504 1081 615 1124 spatia
639 1081 867 1114 continentur.
914 1081 953 1112 In
978 1090 1044 1123 quo
1069 1080 1174 1112 etiam
1195 1090 1312 1121 opere,
1337 1080 1364 1111 si
1389 1080 1485 1118 illud,
1501 1081 1593 1123 quod
1611 1082 1653 1113 ad
1672 1081 1827 1124 Moysem
1853 1083 1982 1114 dictum

155 1143 216 1174 est,
240 1135 365 1168 librare
400 1135 566 1172 volumus,
597 1134 852 1177 quodammodo
889 1134 1091 1165 invenimus.
1137 1132 1237 1170 Nam,
1269 1143 1344 1164 cum
1379 1133 1640 1165 tabernaculum
1675 1134 1748 1166 Deo
1782 1141 1981 1166 construere

156 1189 270 1228 vellet,
293 1188 442 1221 audivit:
466 1187 590 1221 Omnia
613 1188 670 1219 fac
695 1187 783 1218 sicut
807 1193 980 1219 ostensum
1003 1192 1055 1219 est
1078 1186 1140 1218 tibi
1163 1186 1196 1217 in
1221 1193 1335 1218 monte
1352 1186 1374 1217 ⁸.
1420 1186 1571 1218 Volebat
1594 1187 1733 1229 quidem
1766 1188 1983 1229 omnipotens

156 1242 334 1280 Dominus,
357 1247 394 1273 ut
417 1247 554 1274 terrena
578 1241 699 1273 domus
721 1240 828 1277 fieret,
850 1240 913 1272 sed
936 1250 1037 1282 quam
1059 1239 1172 1271 forma
1196 1240 1375 1271 celestium
1398 1239 1597 1272 illustraret.
1642 1240 1744 1272 Pater
1760 1241 1865 1283 igitur
1882 1251 1984 1272 vene-

156 1296 283 1328 randus
304 1305 437 1328 omnem
458 1293 554 1326 illum
578 1293 789 1326 tabernaculi
813 1294 983 1334 decorem,
1009 1293 1054 1325 ad
1077 1292 1239 1324 mentium
1268 1292 1516 1334 discipulorum
1541 1299 1697 1325 ornatum
1721 1294 1853 1326 traxit.'
1901 1293 1984 1325 Per-

92 1349 133 1381 20
155 1349 250 1381 fecta
273 1349 363 1380 enim
387 1348 500 1380 forma
523 1347 699 1380 celestium
719 1353 777 1384 est,
801 1346 845 1378 de
862 1356 930 1388 qua
953 1346 1093 1378 dicitur:
1119 1345 1197 1377 Non
1224 1345 1364 1382 nubent,
1388 1356 1498 1387 neque
1523 1345 1703 1386 nubentur,
1726 1347 1787 1378 sed
1803 1353 1881 1378 sunt
1897 1347 1984 1378 sicut

156 1402 270 1445 angeli
295 1401 358 1434 Dei
380 1402 414 1433 in
441 1401 516 1433 celo
529 1400 550 1432 ⁵.
598 1400 661 1432 Illa
683 1401 787 1432 etiam
812 1400 923 1432 forma
947 1399 1125 1431 celestium
1149 1406 1210 1436 est,
1234 1410 1335 1441 quam
1359 1399 1459 1431 nobis
1483 1399 1643 1441 imprimit
1667 1399 1725 1431 ubi
1756 1400 1857 1432 dicit:
1885 1400 1980 1431 Beati

156 1465 328 1498 pauperes
350 1454 482 1497 spiritu,
506 1454 667 1496 quoniam
691 1453 841 1494 ipsorum
865 1458 915 1484 est
938 1462 1080 1495 regnum
1105 1452 1259 1484 celorum
1272 1451 1295 1483 ⁶.
1340 1452 1455 1483 Tanta
1478 1453 1607 1494 quippe
1631 1452 1784 1493 pu'doris
1798 1464 1870 1494 spe,
1888 1459 1981 1485 tanto

157 1509 321 1540 virtutum
342 1508 470 1540 decore
494 1507 542 1539 ibi
566 1507 661 1539 illam
685 1506 850 1538 divinitus
874 1505 1057 1538 collectam
1082 1505 1337 1537 multitudinem
1370 1505 1597 1546 omnipotenti
1630 1505 1703 1536 Deo
1726 1506 1855 1537 servire
1887 1506 1985 1544 fecit,

157 1567 194 1594 ut
217 1560 374 1594 dubitare
396 1570 498 1592 nemo
521 1566 646 1602 potest,
669 1560 749 1602 quia
774 1558 895 1590 celesti
919 1558 1178 1590 conversatione
1204 1559 1388 1600 fulgerent.
1433 1557 1502 1590 Sed
1525 1558 1604 1600 quia
1627 1557 1671 1590 de
1703 1558 1832 1590 edificii
1864 1559 1985 1590 ordine

93 1613 133 1646 25
157 1614 299 1657 agimus,
322 1613 407 1646 illud
429 1613 500 1645 eius
526 1612 620 1655 quod
643 1613 687 1645 de
712 1619 831 1645 eterna
855 1612 992 1644 civitate
1016 1611 1151 1653 legitur,
1173 1611 1359 1642 convenire
1384 1611 1558 1643 videmus:
1585 1612 1651 1643 Per
1667 1622 1786 1643 omnes
1802 1612 1896 1643 vicos
1913 1613 1985 1643 eius

157 1667 295 1700 alleluia
312 1667 508 1699 cantabitur
519 1664 541 1698 ⁷.
570 1665 659 1698 Nam
676 1665 764 1697 celle
780 1665 870 1696 illius
887 1671 1012 1696 cuncta
1027 1664 1198 1697 vestibula
1212 1665 1261 1696 ita
1277 1665 1443 1705 disposita
1458 1662 1547 1702 sunt,
1565 1671 1600 1696 ut
1616 1665 1750 1708 singula
1767 1665 1839 1697 fere
1858 1665 1985 1697 oratio-

155 1721 218 1759 nis,
243 1721 409 1758 lectionis,
432 1719 634 1762 psalmodie,
653 1718 815 1761 propriis'
841 1718 961 1751 officiis
977 1719 1197 1760 deputentur,
1213 1725 1247 1750 et
1263 1728 1469 1760 quocunque
1488 1718 1654 1760 pergitur,
1672 1724 1819 1755 orantes,
1836 1718 1985 1760 psallen-

155 1780 218 1812 tes,
234 1780 408 1811 canentes,
431 1779 490 1805 aut
512 1773 667 1815 legentes
690 1777 886 1804 occurrunt.
933 1770 1097 1804 Perfecto
1120 1771 1224 1814 igitur
1249 1780 1354 1812 opere
1378 1771 1583 1808 monasterii,
1606 1771 1677 1803 illic
1701 1771 1840 1803 collecti
1864 1772 1987 1803 fratres

157 1833 327 1869 ceperunt
348 1831 443 1859 tanto
465 1825 609 1858 liberius
631 1825 747 1857 divina
766 1825 954 1857 ministeria
977 1824 1150 1861 exhibere,
1173 1830 1302 1867 quanto
1326 1824 1370 1855 ad
1394 1824 1460 1855 hec
1477 1834 1537 1856 eos
1553 1834 1619 1855 non
1638 1825 1743 1856 solum
1762 1825 1879 1856 fervor
1895 1825 1986 1856 kari-

93 1881 135 1912 30
158 1880 236 1912 tatis
259 1879 480 1916 accenderat,
506 1879 569 1911 sed
600 1878 701 1910 etiam
734 1878 831 1910 locus
863 1877 1066 1909 invitabat⁸.
1112 1877 1217 1909 Pater
1246 1877 1349 1908 etiam
1381 1875 1587 1908 venerabilis
1618 1876 1742 1909 Petrus
1766 1877 1799 1908 in
1826 1885 1920 1909 tanta
1951 1887 1987 1908 se

157 1933 431 1966 conversationis
453 1931 668 1964 districtione
692 1931 856 1968 cohibuit,
879 1936 917 1962 ut
939 1931 975 1962 in
998 1936 1091 1962 tanta
1122 1930 1337 1962 subditorum
1368 1930 1597 1969 multitudine,
1622 1940 1699 1961 cum
1734 1931 1830 1962 multi
1862 1940 1986 1973 magna

158 1987 423 2018 conversatione
447 1986 632 2027 fulgerent,
657 1985 747 2016 illius
768 1985 919 2026 rigorem
942 1984 1012 2015 vite
1038 1983 1150 2015 nullus
1173 1983 1266 2015 ferre
1290 1983 1468 2024 potuisset.
1514 1983 1601 2014 Nam
1625 1993 1690 2015 nec
1721 1983 1886 2015 orationis
1910 1984 1984 2015 eius

154 2038 363 2078 instantiam,
386 2048 450 2070 nec
474 2038 671 2081 vigiliarum
696 2037 941 2078 prolixitatem,
964 2047 1030 2068 nec
1053 2036 1322 2068 ienuflexionum
1355 2046 1544 2073 numerum,
1569 2046 1634 2067 nec
1664 2036 1806 2077 frigoris
1834 2036 1987 2067 toleran-

158 2092 239 2124 tiam
263 2091 386 2134 aliquis
408 2092 501 2123 ferre
525 2091 656 2133 potu'it.
701 2090 799 2122 quta
822 2089 1012 2122 dormitorii
1037 2089 1177 2131 quidem
1200 2089 1251 2120 sui
1276 2089 1397 2120 cellam
1423 2099 1510 2131 aque
1533 2088 1734 2130 piscinulam
1753 2089 1904 2121 condere
1919 2089 1985 2120 sibi

93 2145 134 2177 35
158 2145 254 2181 fecit,
269 2144 328 2176 ubi
353 2155 430 2177 cum
454 2143 592 2175 hiemali
617 2150 772 2185 tempore
796 2142 997 2184 frequenter
1021 2142 1175 2179 intraret,
1200 2142 1242 2173 de
1266 2142 1432 2173 nuditatis
1463 2148 1497 2173 et
1528 2141 1668 2183 frigoris
1699 2141 1881 2173 tolerantia
1913 2141 1985 2183 glo-

158 2197 239 2229 riari
264 2207 343 2230 cum
365 2196 473 2229 Paulo
497 2196 676 2239 potuisset.
721 2194 850 2227 Vinum
874 2195 921 2227 ita
945 2195 1085 2227 omnino
1108 2195 1247 2237 sprevit,
1272 2200 1308 2226 ut
1323 2194 1423 2226 etiam
1450 2193 1629 2226 debilitato
1653 2195 1830 2226 stomacho
1847 2202 1881 2226 et
1898 2204 1985 2226 voce

96 1083 132 1114 15

119 2527 132 2552 5

104 2733 136 2752 lo

105 2943 134 2970 ¹⁵

247 2348 254 2366 ¹
275 2351 327 2379 l's.,
347 2350 459 2380 LXVII,
477 2349 502 2375 6.

245 2390 256 2407 ²
275 2392 312 2416 Le
331 2392 489 2416 abitazloni
508 2400 556 2425 per
578 2392 587 2416 i
607 2393 718 2416 monaci
747 2393 880 2416 costi-nite
900 2391 926 2415 al
947 2393 1042 2422 tempo

159 2432 190 2457 dt
209 2433 397 2457 sant'Alserio
415 2440 430 2457 e
448 2432 476 2457 di
497 2440 548 2457 san
569 2433 664 2457 Leone
690 2440 747 2457 non
773 2433 975 2457 consistevano
995 2433 1044 2456 che

159 2475 189 2499 in
208 2474 396 2498 adattamenti
415 2474 488 2499 delle
507 2472 712 2499 anfrattuosita
731 2474 806 2498 della
819 2476 933 2506 grotta:
948 2474 1042 2497 alcuni

158 2518 234 2541 scavi
257 2517 323 2540 {atti
343 2518 547 2541 recentemente
565 2518 652 2545 (anno
678 2517 755 2548 1937)
780 2523 874 2548 presso
890 2516 911 2540 il
931 2516 1044 2548 pineolo

159 2558 285 2583 chiostro
305 2559 450 2583 romanice
470 2558 566 2582 hanno
586 2565 676 2582 messo
697 2559 726 2582 in
747 2559 808 2582 luce
829 2565 906 2582 mura
931 2557 1046 2582 antiche

161 2601 306 2629 divisorie.
325 2601 400 2625 scale
418 2609 432 2625 e
451 2601 574 2629 scalette,
600 2601 651 2625 che
670 2602 799 2625 unlvano
827 2603 833 2624 i
856 2601 964 2624 dlversi
988 2607 1044 2624 am—

160 2643 250 2667 bienti
272 2643 347 2667 nella
366 2640 535 2674 profundit&
547 2642 621 2667 della
635 2644 740 2674 roccis,
754 2644 834 2673 quasi
850 2649 928 2666 come
942 2649 1045 2666 ancora

160 2683 217 2721 pud
231 2685 342 2711 vedersi
356 2684 429 2709 nella
448 2685 536 2709 Radia
555 2685 583 2709 di
604 2685 631 2709 S.
651 2684 742 2708 Maria
761 2686 794 2708 de
818 2685 930 2709 Olearia
950 2691 1046 2717 presso

162 2727 276 2751 Maiori.
312 2726 368 2751 San
381 2727 478 2750 pietro
493 2728 515 2751 si
529 2727 640 2751 accinse
659 2734 675 2750 a
695 2727 788 2751 lavori
808 2727 971 2759 grandiosiz
993 2735 1046 2750 me-

161 2770 258 2794 diante
282 2769 387 2801 grandi
413 2769 594 2800 muraglioni,
620 2769 697 2793 archi
724 2776 739 2792 e
763 2769 919 2800 terrapieni
943 2769 1047 2792 elevati

161 2810 205 2835 dal
226 2810 368 2843 profondo
394 2810 469 2834 della
493 2810 569 2834 valle
594 2818 690 2842 presso
710 2811 732 2834 il
759 2811 881 2834 ruscello
907 2809 1012 2834 Seiano
1032 2818 1046 2834 a

162 2853 289 2886 parecchi
312 2853 394 2876 metri
413 2853 440 2876 di
462 2853 577 2881 altezza,
603 2854 720 2877 ottenne
746 2860 783 2876 un
804 2854 891 2885 piano
911 2853 1046 2876 sufficien-

162 2897 284 2919 temente
302 2896 384 2918 vasto
404 2902 453 2926 per
471 2895 499 2918 la
519 2895 619 2925 chiesa,
642 2895 662 2918 il
682 2896 819 2922 chiostro,
846 2895 872 2919 la
894 2895 953 2918 sala
973 2887 1048 2926 cap‘i-

163 2937 254 2961 tolare
272 2943 287 2960 e
299 2936 322 2961 il
341 2937 502 2965 refettorio,
513 2936 562 2960 che
575 2934 625 2969 piu
639 2944 655 2960 0
670 2944 751 2961 meno
771 2937 925 2962 restaurati
939 2944 957 2961 o
971 2944 1049 2960 acco-

164 2979 272 3002 modati
292 2979 462 3010 rimangono
481 2985 597 3009 ancora,
610 2985 625 3002 e
643 2978 693 3012 piit
707 2980 738 3002 in
751 2979 810 3003 alto
825 2977 934 3003 costrui
948 2979 971 3002 11
985 2979 1048 3003 dor-

1095 2350 1224 2377 mitorio,
1245 2350 1325 2372 vasto
1345 2348 1437 2372 locale
1457 2356 1471 2372 a
1491 2349 1542 2372 due
1567 2350 1675 2376 navate,
1696 2349 1787 2372 divise
1808 2349 1842 2372 da
1863 2348 1984 2371 volonno

1097 2391 1146 2414 che
1165 2392 1339 2422 sostengono
1360 2390 1386 2414 le
1405 2390 1484 2413 volte
1504 2390 1622 2421 ogivali,
1661 2389 1726 2413 Tali
1748 2390 1839 2413 lavori
1863 2390 1889 2412 di
1912 2389 1986 2412 mole

1098 2434 1271 2464 imponente,
1290 2440 1304 2456 e
1324 2433 1502 2456 considerata
1517 2432 1542 2456 la
1558 2433 1714 2464 posizione.
1728 2430 1752 2455 sl
1767 2433 1837 2455 bene
1850 2431 1983 2460 adattati,

1098 2476 1279 2498 suscitarono
1299 2475 1524 2498 l'ammirazione
1544 2474 1571 2497 di
1595 2474 1664 2505 Ugo,
1684 2474 1735 2497 che
1754 2474 1774 2497 li
1797 2474 1933 2497 dest-rive.

1186 2515 1197 2531 ³
1217 2516 1384 2541 CLAUtnAN.
1406 2517 1436 2539 ln
1456 2517 1549 2540 Ruts'n.
1570 2521 1635 2548 507:
1657 2516 1771 2539 “Dubio
1791 2516 1845 2539 tibi
1865 2516 1987 2547 pendula

1101 2558 1113 2570 ‘⁴
1126 2566 1207 2590 rupes
1227 2559 1375 2582 immineat
1396 2559 1510 2590 lapsu„.

1189 2599 1200 2615 ⁴
1224 2601 1315 2630 Exod„
1339 2600 1424 2630 XXV,
1445 2607 1486 2630 40.

1188 2642 1199 2657 ²²
1220 2642 1348 2671 Marna,
1368 2641 1455 2669 xxn,
1476 2648 1519 2672 30.

1187 2683 1199 2699 ⁶
1221 2685 1297 2714 Mira,
1317 2684 1350 2715 V,
1370 2691 1394 2716 3.

1188 2725 1199 2742 ⁷
1218 2727 1321 2756 Tosut,
1341 2726 1416 2755 xm,
1436 2733 1477 2751 22.

1186 2767 1197 2783 ⁸
1216 2770 1242 2792 A
1261 2772 1361 2800 questo
1379 2772 1479 2800 punto,
1498 2769 1576 2800 dopo
1597 2769 1622 2791 la
1642 2769 1817 2792 descrizione
1837 2768 1879 2790 del
1897 2774 1990 2790 nuovo

1101 2813 1272 2839 monastero,
1286 2811 1306 2834 il
1321 2810 1453 2842 biografo
1468 2810 1694 2843 probabilmente
1709 2811 1826 2841 parlava
1840 2816 1907 2841 pure
1920 2808 1989 2831 della

1102 2860 1196 2876 nuova
1215 2853 1318 2880 chiesa,
1339 2855 1502 2876 consacrata
1523 2853 1571 2884 poi
1591 2852 1636 2875 dal
1664 2859 1735 2884 papa
1759 2851 1872 2874 Urbano
1892 2850 1927 2878 ΙΙ,
1947 2857 1990 2873 ma

1101 2894 1249 2918 Giovanni
1271 2895 1298 2918 di
1322 2894 1430 2925 Capua,
1451 2895 1494 2917 nel
1517 2895 1630 2926 copiare
1651 2894 1670 2917 il
1691 2893 1788 2917 codice
1808 2900 1856 2925 per
1876 2899 1925 2915 uso
1947 2891 1990 2915 del

1101 2944 1179 2966 coro,
1200 2935 1271 2960 dove
1291 2936 1479 2960 tralasciarla.
1508 2937 1541 2960 V.
1561 2937 1590 2960 in
1612 2936 1665 2959 sine
1688 2936 1811 2959 Historia
1837 2934 1990 2958 [varicatio—

1102 2979 1151 3010 m's,
1172 2986 1198 3010 p.
1219 2985 1262 3009 41.

2074 566 2157 582 ulau

2047 1459 2121 1483 Mra„
2137 1463 2174 1476 no

2076 2100 2086 2113 c
2109 2099 2155 2118 ¹7⁸³

2016 2479 2049 2496 20

2019 2897 2052 2921 30
