2280 3476
130 598 149 612 C.
165 598 190 616 1⁴
200 598 213 611 r

126 953 145 970 c,
161 953 185 971 14
194 954 206 966 r

133 1381 152 1396 c.
169 1379 216 1398 ην

252 2184 283 2200 10

254 2393 283 2418 15

254 2602 288 2619 20

536 126 988 193 VITAEQUATUOR
1018 153 1260 190 PRIORUM
1288 155 1549 190 ABBATUM
1578 155 1890 192 CAVENSIUM

1213 230 2123 238 ——-----———-—-.--——..-——-q-—-—-—-.-—--—.-‘-

297 285 467 323 meritum,
491 285 518 316 si
543 285 618 327 quis
643 285 743 317 aliter
767 285 860 322 velit,
884 285 949 317 hac
974 285 1169 317 ostensione
1193 295 1405 329 cognoscere
1437 286 1541 318 facile
1565 292 1691 328 potest.
1737 287 1826 319 Nam
1857 287 2126 329 perfectioribus

299 339 421 370 electis
443 349 506 380 per
528 338 746 379 semetipsam
769 338 906 370 Veritas
929 338 1137 379 repromittit
1160 338 1300 370 dicens:
1328 337 1483 380 Capillus
1507 339 1551 371 de
1583 340 1696 382 capite
1719 346 1835 372 vestro
1859 350 1928 372 non
1959 340 2087 382 peribit
2101 339 2121 372 ¹.

300 392 394 424 Illius
421 401 506 433 ergo
530 390 780 432 operimentum
804 391 981 432 corrumpi
1004 390 1086 433 igne
1110 402 1179 424 non
1202 391 1326 434 potuit,
1356 391 1453 424 cuius
1477 391 1590 424 nullus
1614 391 1712 425 labor
1741 392 1854 434 periit,
1885 393 1945 425 sed
1976 392 2126 424 fructum

298 445 461 486 optimum
486 444 609 475 meruit
634 448 751 475 eterne
773 442 996 475 mercedis'2.

915 582 1033 615 VITA
1056 582 1090 614 S.
1107 582 1252 614 PETRI
1275 581 1477 615 ABBATIS
1491 585 1513 615 ³.

389 675 545 708 Cavense
569 676 765 715 cenobium,
788 682 826 708 ut
849 682 968 718 aperte
993 675 1200 708 claresceret
1223 676 1304 718 quia
1319 677 1499 718 profectus
1515 677 1567 709 sui
1581 677 1794 709 incrementa
1810 688 1854 708 ex
1870 677 1988 709 divina
2011 678 2129 719 dispo-

297 728 421 760 sitione
445 728 633 766 meruisset‚
658 728 725 761 hoc
749 729 968 770 omnipotens
991 729 1084 761 Deus
1107 739 1171 771 per
1193 729 1285 761 viros
1308 729 1525 762 venerabiles
1555 740 1691 772 semper
1721 731 1821 769 rexit,
1853 736 1954 772 atque
1987 731 2031 762 ad
2055 731 2127 762 eius

298 781 640 813 amministrationem
674 783 846 813 accedere
881 788 1035 823 pastores
1069 782 1238 824 reprobos
1268 793 1336 814 non
1360 783 1515 823 permisit
1529 782 1551 815 ⁴.
1597 783 1686 815 Nam
1709 783 1996 815 reverendissimo
2027 784 2129 815 valde

300 835 375 866 viro
399 834 534 866 Alterio
558 834 671 866 virum
696 845 785 876 eque
811 835 1045 866 venerabilem
1069 835 1226 867 Leonem
1250 835 1433 868 substituit.
1480 836 1573 867 Huic
1604 843 1718 868 autem
1749 837 1885 869 Petrum
1917 836 2127 879 subrogavit,

302 887 361 930 qui
384 894 499 929 patres
523 887 664 919 eximios
686 888 871 920 sanctitate
895 889 1069 925 redderet,
1091 888 1190 920 lucro
1213 894 1403 930 superaret.
1450 889 1519 921 Sed
1543 889 1623 931 quia
1645 889 1782 922 illorum
1797 890 1946 932 quedam
1963 890 2007 921 de
2023 890 2128 922 virtu-

299 940 389 973 tibus
411 947 513 983 atque
537 941 606 972 vita
631 941 889 982 descripsimus,
920 942 1005 973 ordo
1036 941 1153 983 exigit,
1177 947 1213 973 ut
1244 940 1299 973 ea'
1324 942 1428 973 etiam
1457 952 1524 984 que
1549 943 1593 974 de
1624 943 1691 974 hoc
1715 943 1907 975 venerabili
1933 949 2030 985 patre
2053 950 2130 975 sunt

301 993 400 1026 nobis
424 994 517 1026 dicta
541 1004 728 1025 narremus.
775 994 830 1026 Illi
853 995 993 1036 quidem
1017 994 1109 1026 beati
1132 994 1235 1025 Helie
1259 995 1330 1036 tipo
1354 995 1608 1027 desideriorum
1631 997 1738 1038 igneo
1763 1006 1866 1027 curru
1890 996 2000 1028 celum
2025 1006 2131 1038 pene-

303 1054 395 1079 trare
419 1053 629 1085 meruerunt,
653 1047 717 1079 iste
741 1048 822 1079 dum
845 1048 1072 1080 ascendentes
1095 1048 1280 1080 observare
1304 1049 1465 1080 ardenter
1487 1048 1626 1086 studuit,
1657 1048 1785 1080 habere
1809 1049 1943 1081 illorum
1973 1050 2130 1091 spiritum

300 1100 474 1142 duplicem
499 1100 631 1138 meruit,
654 1100 817 1132 videlicet
840 1101 981 1132 celestia
1004 1101 1142 1132 fortiter
1165 1111 1292 1139 amans,
1316 1101 1521 1133 mirabiliter
1537 1108 1675 1134 terrena
1691 1102 1889 1143 disponens,
1905 1102 2017 1134 celum
2033 1102 2132 1134 dives

302 1155 446 1186 intraret
458 1154 480 1186 ⁵.
526 1153 580 1185 Illi
604 1153 743 1196 quidem
768 1154 870 1186 rebus
893 1165 1074 1196 pauperes,
1098 1154 1279 1186 virtutibus
1302 1155 1438 1192 divites,
1461 1155 1507 1187 ad
1530 1161 1649 1187 eterna
1664 1155 1792 1198 gaudia
1814 1162 2057 1197 pervenerunt,
2073 1156 2129 1188 hic

302 1213 339 1239 et
360 1207 515 1239 laborum
537 1216 674 1238 suorum
700 1207 829 1238 meritis
853 1207 950 1238 dives
972 1207 1049 1245 fuit,
1075 1213 1109 1239 et
1132 1207 1224 1238 velut
1247 1206 1335 1239 alter
1358 1207 1486 1249 Ioseph
1509 1208 1628 1240 mundi
1648 1208 1749 1239 huius
1772 1208 1909 1240 divitias
1932 1209 1976 1240 ad
1992 1208 2131 1241 Domini

301 1260 351 1292 sui
374 1259 549 1292 servitium
572 1259 745 1300 sapienter
767 1259 877 1292 traxit.
924 1259 1003 1292 Fuit
1026 1265 1140 1291 autem
1165 1258 1402 1291 Salernitanus
1425 1269 1566 1302 genere,
1582 1260 1646 1291 viri
1662 1260 1868 1292 venerabilis
1882 1260 2009 1293 Alferii
2024 1271 2132 1303 nepos

303 1324 417 1351 carne,
442 1313 542 1344 heres
563 1313 815 1345 consuetudine
827 1312 849 1344 ⁶.
896 1313 949 1344 Ex
972 1323 1040 1354 qua
1062 1313 1220 1344 nimirum
1243 1313 1310 1344 sibi
1333 1313 1581 1345 consuetudine
1604 1312 1744 1351 accidit,
1760 1319 1797 1345 ut
1813 1313 2018 1346 adolescens
2040 1313 2132 1346 illius

306 1365 614 1398 conversationem'
638 1372 851 1403 memoraret,
875 1372 978 1408 atque
1003 1368 1094 1398 hanc
1118 1367 1199 1397 totis
1220 1366 1407 1398 affectibus
1429 1366 1556 1398 imitari
1580 1372 1765 1408 satageret.
1809 1366 1867 1400 Ad
1890 1367 2000 1399 virum
2016 1368 2131 1410 itaque

302 1419 535 1452 venerabilem
560 1419 717 1451 abbatem
740 1419 895 1450 Leonem
919 1419 1071 1456 veniens,
1094 1425 1212 1451 sancte
1236 1419 1511 1451 conversationis
1535 1419 1689 1452 habitum
1705 1420 1868 1462 suscepit.
1915 1420 2000 1452 Mox
2017 1426 2132 1463 autem

303 1473 463 1516 religiose
487 1473 556 1504 vite
580 1473 727 1504 studium
753 1478 822 1504 tam
845 1473 1020 1504 ferventer
1050 1472 1204 1513 arripuit,
1236 1479 1273 1504 ut
1304 1472 1427 1514 rigoris
1457 1473 1635 1514 proposito
1667 1473 1814 1516 antiquis
1845 1473 1947 1504 etiam
1979 1473 2133 1515 patribus

305 1527 421 1569 equari
443 1527 628 1559 videretur.
677 1526 764 1557 Nam
788 1531 881 1558 tante
905 1526 1110 1558 abstinentie
1133 1526 1238 1557 fuisse
1262 1526 1402 1563 dicitur,
1419 1532 1455 1558 ut
1470 1526 1622 1568 quinque
1640 1533 1697 1559 aut
1713 1537 1775 1558 sex
1791 1537 1916 1568 panum
1939 1527 2131 1559 refectione

304 1587 375 1613 toto
399 1590 496 1612 sacre
519 1580 782 1622 quadragesime
806 1586 960 1621 tempore
984 1585 1166 1611 contentus
1191 1589 1265 1611 esse
1288 1580 1472 1612 videretur.
1519 1580 1591 1612 Sed
1614 1586 1649 1612 et
1672 1580 1866 1612 remotioris
1888 1580 1956 1611 vite
1979 1581 2129 1613 studium

305 1643 438 1676 gerens,
456 1633 605 1664 eiusdem
630 1642 729 1664 sacre
752 1632 1015 1674 quadragesime
1041 1632 1115 1664 dies
1138 1633 1173 1663 in
1195 1638 1311 1664 monte
1333 1633 1444 1665 sancti
1477 1633 1589 1671 Helie,
1621 1633 1716 1675 quod
1745 1632 1894 1664 Cavensi
1923 1634 2132 1665 monasterio

305 1687 405 1719 altius
428 1686 598 1727 preminet
609 1684 631 1724 ⁷,
655 1685 840 1718 observare
864 1691 1100 1722 consueverat,
1124 1692 1162 1718 ut
1185 1691 1280 1718 tanto
1303 1696 1340 1718 se
1364 1687 1469 1718 artius
1492 1687 1609 1718 divine
1634 1685 1923 1727 contemplationi
1952 1686 2131 1725 insereret,

311 1799 375 1830 ¹641
410 1800 439 1823 su
471 1800 581 1823 elevato
607 1807 642 1823 un
674 1799 817 1823 mausoleo
845 1800 875 1822 in
904 1800 1003 1822 marnii
1033 1798 1193 1831 policromi.

308 1839 360 1863 Nel
384 1846 449 1871 1912
470 1841 518 1872 poi
538 1840 563 1863 le
592 1847 639 1863 sue
667 1846 739 1870 ossa,
773 1840 989 1870 persettamente
1016 1841 1193 1868 conservate,

310 1881 412 1904 furono
432 1883 513 1913 poste
533 1881 562 1905 in
583 1881 702 1904 un’urna
729 1881 758 1904 dl
784 1881 890 1905 bronze
917 1883 994 1905 sotto
1020 1881 1130 1905 l’altare
1150 1881 1193 1904 di-

308 1924 443 1955 rimpetto
463 1923 519 1947 alla
538 1925 635 1955 grotta
656 1924 683 1946 di
706 1923 901 1947 snnt’Alserio.

400 1965 406 1980 ¹
427 1965 505 1993 Luc..
526 1965 598 1991 XXI.
622 1972 662 1998 19.

397 2006 407 2021 ²
427 2008 496 2039 Agli
516 2008 611 2031 ultimi
631 2010 699 2032 anni
716 2008 759 2031 del
778 2015 905 2039 governo
920 2008 947 2031 di
964 2016 1012 2032 san
1028 2008 1122 2032 Leone
1136 2015 1153 2032 o
1167 2009 1193 2031 ai

310 2051 392 2082 primi
413 2050 457 2073 del
476 2056 636 2073 successore
657 2048 711 2081 ριιὸ
732 2050 894 2074 attribuirsi
915 2050 1016 2074 l’invio
1036 2050 1066 2073 di
1082 2051 1191 2073 monaci

309 2093 419 2115 cavensi
441 2092 466 2114 al
487 2090 651 2115 Monastero
671 2091 699 2114 di
721 2091 747 2115 S.
768 2092 857 2115 Maria
887 2091 991 2115 Latina
1020 2092 1048 2115 in
1076 2091 1193 2116 Gerusa-

309 2133 416 2161 lemme,
445 2134 565 2158 fondato
593 2134 670 2164 dagli
702 2134 868 2158 Amalfitanl
896 2141 978 2158 verso
1007 2135 1028 2157 ll
1061 2141 1128 2166 1070
1157 2134 1194 2164 (v.

311 2175 474 2199 GU1LLaL1m
496 2176 568 2200 Tra.
589 2177 663 2199 Belli
680 2177 754 2200 sacri
771 2177 892 2206 historia,
912 2177 960 2200 lib.
981 2176 1082 2203 XVIII.
1104 2184 1127 2200 c.
1156 2183 1196 2204 iv,

311 2219 339 2240 in
361 2218 472 2248 Mrcrm,
492 2218 594 2241 Parrol.
615 2219 673 2246 lat„
693 2217 738 2246 CI,
759 2219 814 2243 vol.
829 2217 898 2249 711).
927 2216 998 2246 Quei
1015 2220 1135 2246 monaci,
1150 2225 1196 2241 eu-

310 2259 401 2283 rando
427 2260 608 2290 nell'ospizio
632 2267 752 2283 annesso
773 2260 781 2283 i
803 2261 952 2293 pellegrini
973 2268 987 2284 e
1007 2261 1047 2292 gli
1069 2260 1196 2288 infermi,

311 2301 425 2325 diedero
445 2303 558 2333 origine
578 2303 603 2325 ai
621 2303 764 2326 Cavalieri
787 2302 949 2332 Ospz'lalieri
967 2303 995 2326 di
1015 2304 1041 2327 S.
1063 2302 1198 2326 Giovanni

311 2344 341 2367 di
357 2344 563 2373 Gerusalemme,
583 2345 648 2376 oggi
669 2344 739 2368 detti
758 2345 788 2367 di
811 2345 912 2369 Alalta.
942 2344 965 2367 Il
986 2343 1103 2368 Tirense
1123 2345 1195 2372 dice,

312 2386 361 2408 che
380 2387 419 2416 gli
440 2386 617 2415 Amalfitanl,
638 2386 767 2410 edificate
788 2386 807 2409 il
835 2388 1006 2417 monastero,
1031 2386 1087 2410 “de
1107 2386 1195 2418 parti-

315 2428 388 2451 “bus
409 2429 466 2450 suis
486 2430 543 2451 tam
564 2428 717 2451 monachos
737 2435 819 2458 quam
840 2429 968 2452 abbatem
992 2429 1196 2452 transferentes

316 2469 430 2492 “locum
452 2470 618 2501 regulariter
638 2470 795 2493 instituunt
805 2478 834 2500 „z
855 2470 959 2493 l'unico
980 2472 1140 2494 monastero
1155 2471 1195 2493 vi-

313 2512 378 2534 cino
399 2512 432 2535 ad
449 2512 559 2541 Amalfi,
573 2512 622 2535 che
636 2514 745 2543 potesse
766 2512 876 2535 inviare
890 2519 927 2536 un
942 2513 1017 2536 buon
1038 2519 1154 2536 numero
1169 2512 1198 2536 di

315 2555 424 2576 monaci
446 2554 536 2583 scelti,
552 2561 598 2578 era
612 2553 698 2581 Cava,
712 2554 761 2577 vhe
775 2552 822 2583 gia
836 2561 922 2578 aveva
937 2556 1025 2577 avuto
1045 2554 1198 2578 (lonazioni

315 2594 344 2618 di
358 2593 407 2626 pin
427 2596 581 2618 monasteri
602 2603 616 2618 e
637 2603 671 2618 ne
690 2603 776 2619 aveva
797 2596 927 2620 costruiti
948 2596 1030 2624 altri;
1051 2597 1077 2619 di
1094 2594 1143 2627 pli:
1157 2596 1199 2627 gli

315 2636 480 2660 Amalfitani
503 2637 606 2661 surono
627 2638 718 2668 larghi
747 2644 825 2661 verso
852 2638 861 2661 i
888 2637 1008 2661 Cavensi
1036 2638 1200 2662 nell'offrire

316 2679 408 2702 chiese
426 2687 440 2702 e
460 2682 541 2707 terre,
561 2687 574 2702 e
594 2687 641 2703 san
664 2680 758 2703 Leone
778 2679 807 2703 fu
827 2680 847 2703 il
864 2680 926 2703 loro
941 2680 1083 2703 disensore
1102 2687 1117 2704 e
1136 2688 1200 2711 pro-

315 2722 428 2745 tettore.
468 2720 547 2744 Nelle
568 2722 634 2745 frasi
662 2721 705 2745 del
726 2722 844 2745 Tirense
864 2723 938 2745 circa
958 2722 984 2745 la
1005 2720 1095 2745 carita
1119 2729 1200 2746 verso

316 2764 325 2787 i
351 2763 504 2794 pellegrini
525 2764 548 2786 si
569 2764 748 2787 riscontrano
769 2764 794 2787 le
815 2765 1001 2795 prescrlzioni
1025 2765 1098 2788 delle
1125 2764 1200 2789 Con-

258 2814 268 2831 2
317 2806 459 2829 suetudini
481 2805 674 2829 cluniacensi:
695 2814 708 2829 e
729 2813 784 2830 una
803 2807 903 2830 lettera
927 2806 956 2830 di
975 2806 1072 2830 Pietro
1101 2807 1120 2829 il
1148 2806 1200 2830 Ve-

318 2847 450 2877 nerabile,
478 2847 577 2871 abbate
603 2848 631 2871 di
652 2847 753 2878 Cluny,
781 2856 795 2871 a
821 2848 916 2879 quello
941 2848 971 2871 di
996 2848 1023 2872 S.
1048 2848 1138 2872 Maria
1158 2849 1201 2872 sul

318 2889 412 2913 Tabor
437 2890 461 2913 ci
489 2890 516 2913 sa
545 2897 694 2913 conoscere
722 2890 748 2913 la
777 2898 826 2914 sna
855 2891 1023 2922 meraviglia
1052 2891 1202 2914 nell'avere

319 2938 435 2962 appreso
461 2932 510 2954 che
536 2930 597 2955 colit
623 2932 645 2955 si
672 2938 863 2956 osservassero
887 2933 912 2956 le
935 2931 1145 2957 Consuetudini
1171 2933 1200 2956 di

1248 1797 1356 1829 Cluny:
1377 1806 1425 1822 ora
1444 1798 1549 1822 l’unico
1573 1800 1733 1822 monastero
1760 1799 1913 1824 dell'Italia
1939 1801 2135 1832 meridionale,

1249 1848 1304 1864 non
1326 1840 1496 1871 dipendente
1515 1840 1551 1864 da
1573 1839 1676 1872 C1uny,
1701 1841 1752 1865 che
1772 1848 1806 1865 ne
1831 1848 1987 1866 osservasse
2013 1843 2055 1874 gli
2080 1843 2132 1872 usi,

1248 1889 1294 1906 era
1314 1881 1400 1911 Cava,
1416 1890 1494 1906 come
1512 1884 1535 1906 si
1557 1882 1641 1906 vedrir
1663 1883 1767 1914 meglio
1789 1883 1864 1907 nella
1884 1885 1944 1908 vita
1965 1876 2057 1908 (113811
2071 1883 2132 1908 Pie-

1249 1927 1302 1952 tro.
1327 1932 1340 1947 e
1366 1925 1466 1955 quindi
1494 1925 1503 1947 i
1530 1927 1641 1948 monaci
1669 1925 1713 1949 del
1739 1925 1834 1950 Tabor
1858 1926 2083 1958 probabllmente
2108 1927 2134 1950 le

1248 1973 1376 1990 avranno
1395 1969 1480 1990 avute
1493 1967 1528 1991 da
1541 1967 1568 1991 S.
1582 1967 1672 1991 Maria
1686 1966 1799 1995 Latina,
1814 1967 1887 1992 dove
1906 1968 2056 1992 l’avranno
2070 1976 2134 2001 por-

1248 2012 1307 2033 tate
1326 2010 1336 2033 i
1357 2009 1489 2034 Cavensi.
1514 2009 1568 2033 Fra
1582 2007 1721 2039 Gerardo,
1734 2011 1929 2034 riconosciuto
1950 2018 2026 2034 corne
2040 2012 2133 2042 primo

1249 2051 1325 2076 Gran
1346 2051 1469 2076 Maestro
1489 2053 1532 2076 dei
1559 2051 1684 2076 suddetti
1711 2051 1864 2082 Cavalieri,
1891 2053 2015 2077 secondo
2042 2053 2063 2076 il
2085 2052 2133 2076 Ti-

1250 2101 1328 2117 rense
1348 2102 1393 2118 era
1412 2096 1487 2118 stato
1507 2096 1639 2125 preposto
1658 2094 1828 2119 dall'abbate
1842 2095 1871 2118 di
1884 2093 1911 2119 S.
1924 2094 2015 2119 Maria
2028 2095 2130 2119 Latina

1249 2137 1306 2160 alla
1321 2144 1386 2160 cura
1400 2137 1443 2160 dei
1460 2136 1621 2168 pellegrini.
1650 2137 1701 2160 Per
1715 2144 1770 2160 una
1789 2138 1961 2161 trattazione
1976 2136 2024 2168 piu
2038 2139 2132 2168 ampia

1249 2179 1285 2202 cf.
1305 2180 1386 2203 Studi
1403 2179 1473 2203 sulla
1494 2179 1657 2208 Repubblica
1678 2179 1825 2203 Marmara
1844 2179 1874 2202 di
1886 2179 1994 2207 Amulli,
2007 2179 2134 2207 Salerno,

1253 2226 1328 2252 1935,
1348 2228 1375 2252 p.
1394 2220 1441 2251 463
1462 2220 1753 2250 MATrssx-CsnAsom,
1772 2221 1914 2252 L’orngrine
1933 2221 1978 2244 dei
1991 2221 2136 2245 Cavalieri

1255 2262 1430 2292 Ospedalieri
1445 2262 1475 2285 di
1493 2262 1520 2286 S.
1547 2262 1679 2286 (iiovamn'
1697 2262 1727 2286 di
1750 2263 1944 2286 Gerusalemme
1964 2271 1977 2286 e
1995 2264 2024 2286 la
2044 2262 2134 2286 Badia

1251 2305 1280 2327 di
1301 2304 1385 2328 Cava.

1339 2343 1348 2358 ³
1367 2345 1391 2368 Il
1410 2345 1495 2369 titolo
1515 2344 1542 2369 e:
1563 2345 1577 2358 ‘¹
1587 2345 1628 2369 De
1648 2345 1805 2370 venerabili
1824 2346 1924 2370 abbate
1943 2346 2026 2370 Petro
2041 2365 2062 2377 „.

1340 2386 1351 2401 ⁴
1371 2388 1503 2410 Accenna
1528 2387 1557 2410 di
1577 2394 1672 2410 nuovo
1697 2386 1862 2411 all'intruso
1889 2387 1988 2411 abbate
2007 2387 2085 2419 dopo
2106 2387 2133 2411 la

1252 2430 1342 2452 morte
1361 2429 1389 2452 di
1410 2428 1598 2452 sant’Alserio
1618 2428 1664 2460 (V.
1683 2436 1708 2461 p.
1730 2428 1754 2457 8,
1774 2428 1793 2453 l.
1816 2428 1869 2461 18).

1339 2469 1349 2485 ⁵
1369 2470 1531 2495 “Martinus
1550 2471 1596 2494 hle
1616 2477 1724 2503 pauper
1741 2472 1770 2494 et
1789 2471 1915 2501 humilis,
1929 2471 2037 2495 caelum
2057 2471 2135 2494 dives

1253 2512 1265 2524 “
1278 2513 1439 2544 ingreditur
1450 2529 1473 2543 „.
1510 2511 1623 2536 Officio
1637 2512 1773 2544 liturgico
1793 2512 1895 2537 dell’u
1916 2513 2075 2537 novembre.

1340 2552 1351 2568 ὅ
1371 2553 1411 2578 La
1431 2554 1538 2578 nascita
1559 2554 1586 2578 dl
1607 2561 1655 2578 san
1676 2554 1774 2579 Pietro
1794 2553 1850 2586 pub
1878 2555 1982 2579 fissarsi
2002 2555 2076 2578 circa
2096 2555 2134 2578 al-

1253 2597 1348 2620 l'anno
1371 2603 1448 2627 1042,
1468 2595 1567 2628 perche
1586 2603 1674 2620 aveva
1698 2598 1866 2621 conosciuto
1889 2598 1918 2620 lo
1939 2599 1996 2626 zio,
2017 2596 2134 2620 “adole-

1256 2638 1268 2651 “
1279 2646 1357 2662 scens
1373 2639 1452 2663 illius
1465 2640 1710 2662 conversationem
1724 2641 1891 2664 memoraret
1900 2657 1925 2671 η,
1936 2647 1949 2663 e
1964 2640 1987 2663 si
2002 2637 2134 2672 presente

1253 2688 1269 2705 a
1290 2689 1337 2705 san
1353 2680 1445 2705 Leone
1466 2688 1547 2705 verso
1567 2681 1587 2704 il
1611 2685 1677 2713 ¹054
1696 2689 1713 2705 o
1736 2688 1810 2712 1055.

1342 2722 1352 2738 ⁷
1373 2723 1394 2746 11
1408 2723 1483 2746 colle
1504 2723 1533 2746 di
1551 2723 1578 2748 S.
1599 2723 1668 2751 Elia,
1682 2723 1851 2756 dirimpetto
1864 2723 1892 2748 al
1907 2725 2077 2753 monastero,
2092 2731 2134 2747 ma

1254 2765 1296 2788 sul
1317 2772 1391 2789 mare
1410 2765 1438 2788 di
1459 2765 1571 2792 Amalfi.
1600 2765 1673 2788 forse
1699 2766 1811 2789 ricorde.
1832 2766 1852 2789 il
1872 2766 1955 2789 breve
1980 2766 2135 2797 soggiorno

1254 2807 1298 2830 del
1318 2814 1436 2831 monaco
1449 2814 1531 2838 greco
1544 2807 1683 2831 sant'Elia
1703 2808 1730 2831 di
1746 2807 1992 2838 Castrogiovanni
2013 2807 2058 2836 (cs.
2081 2807 2135 2832 CA-

1255 2855 1339 2872 MERA
1354 2849 1400 2879 M.,
1420 2853 1459 2880 op.
1479 2850 1533 2877 cit.,
1552 2849 1572 2877 Ι,
1592 2857 1617 2881 p.
1640 2855 1702 2881 124;
1723 2848 1799 2880 GAY‚
1818 2850 1937 2874 L'Italie
1962 2849 2136 2873 meridionale

1255 2895 1281 2914 et
1299 2890 1420 2921 l'empire
1439 2891 1569 2922 byzantin,
1582 2891 1671 2919 Paris,
1690 2898 1764 2923 1904,
1778 2899 1804 2924 p.
1819 2890 1886 2923 258·,
1905 2892 1975 2915 Acta
1989 2891 2047 2920 SS,
2067 2893 2134 2915 tom.

1254 2932 1293 2956 111
1312 2933 1444 2964 Augusti,
1464 2940 1490 2964 p.
1513 2933 1583 2963 501).

2156 890 2195 921 10

2158 1155 2194 1187 15

2155 1686 2196 1719 25

2161 1848 2196 1873 30

2162 2060 2195 2085 35

2163 2267 2196 2291 40

2163 2477 2195 2503 45

2164 2684 2198 2710 50

2165 2896 2195 2922 55
