2280 3476
643 130 953 186 PRAEFATIO
983 148 1245 186 LUDOVICI
1273 149 1507 185 ANTONII
1535 148 1848 186 MURATORII

340 226 2134 231 .................................................................................................................................................................................................
2137 223 2149 230 ,ι

334 283 405 306 sacri
425 282 593 306 Monasterii
614 281 751 307 Cavensis
772 282 983 306 adservabatur.
1018 282 1071 306 Eas
1090 282 1235 306 oblivioni
1254 282 1371 306 omnino
1389 281 1550 314 eripiendas
1569 288 1621 314 ego
1637 282 1741 311 censui,
1759 284 1818 306 tum
1837 282 1911 313 quod
1930 283 1964 306 ad
1978 281 2151 306 celeberrimi

336 330 474 356 Coenobii
495 330 652 355 Historiam
674 330 872 355 illustrandam
892 331 1018 363 apprime
1038 331 1153 359 faciant,
1172 332 1231 354 tum
1251 331 1335 354 etiam
1357 329 1432 362 quod
1450 330 1485 354 ad
1510 330 1699 354 eruditionem
1721 337 1816 354 eorum
1840 332 1997 362 temporum
2021 329 2149 354 accedere

335 379 402 403 hinc
422 379 530 410 aliquid
550 379 622 403 lucis
643 381 742 411 possIt.
779 379 868 404 Levia
887 380 998 410 quidem
1016 379 1079 403 heic
1097 379 1234 403 miracula
1252 379 1337 410 legas,
1357 380 1385 403 et
1403 385 1473 409 quae
1498 380 1687 403 accuratiores
1709 378 1850 411 prodigiis
1875 385 2017 403 accensere
2035 379 2150 402 minime

334 428 548 459 sustinuissent;
565 427 613 452 sed
631 428 673 452 ita
692 429 851 460 composita
869 430 929 452 erat
948 428 1059 452 rudium
1078 427 1260 452 Saeculorum
1278 429 1378 460 pietas,
1396 429 1423 452 et
1441 427 1631 452 nihilominus
1651 427 1708 452 alia
1721 427 1783 451 heic
1796 429 1956 458 occurrunt,
1969 434 2038 459 quae
2051 427 2149 459 procul

337 477 423 501 dubio
443 477 571 501 miranda
589 478 733 510 apparent,
752 479 779 501 et
799 485 814 501 a
833 477 932 501 divina
951 478 1062 501 tantum
1081 478 1188 501 virtute
1206 477 1342 508 profecta.
1379 475 1510 500 Ceterum
1529 477 1560 500 in
1578 477 1656 500 hisce
1675 476 1833 500 Abbatibus
1851 482 1883 500 ea
1901 475 2072 507 Religionis,
2086 483 2150 507 pro-

336 525 445 556 bitatis,
464 526 636 557 aliarumque
654 525 800 550 Virtutum
821 526 981 558 complexio
1000 525 1100 555 elucet,
1123 527 1155 549 ut
1180 525 1260 549 nulla
1279 525 1375 549 futura
1399 525 1438 549 sit
1462 525 1496 549 de
1520 532 1615 549 eorum
1645 525 1797 549 sanctitate
1822 524 1973 550 dubitatio.
2009 525 2151 557 Apposita

333 575 375 598 est
393 574 424 598 in
442 573 496 598 fine
518 574 641 599 Historia
663 573 870 599 consecrationis
889 575 1053 598 Monasterii
1072 574 1209 598 Cavensis.
1243 574 1374 598 Eamdem
1393 581 1503 605 quoque
1521 573 1643 606 protulit
1662 573 1797 604 Ughenus
1815 573 1846 597 in
1866 573 2065 605 supralaudato
2076 573 2151 597 loco.

335 622 395 654 Ego
415 623 562 655 repetitam
582 623 662 646 volui
682 624 742 655 eJus
761 622 925 654 editionem,
939 624 999 646 tum
1013 623 1089 654 quod
1108 623 1177 646 mihi
1199 622 1293 647 videre
1311 623 1409 646 videar
1428 622 1603 646 narrationis
1615 622 1768 646 Auctorem
1781 623 1982 653 pervetustum,
1995 623 2054 645 tum
2067 622 2152 645 etiam

336 671 410 702 quod
430 672 512 703 plura
530 672 592 696 heic
611 673 821 703 contineantur,
839 680 921 703 quam
941 671 1012 696 illic.

334 720 490 744 Historiam
503 719 521 744 ¹.

1049 671 1165 696 Utinam
1184 673 1275 696 cetera
1294 678 1404 703 quoque
1422 671 1583 702 illustriora
1602 671 1777 695 Monasteria
1795 677 1873 695 suam
1893 671 1974 703 nobis
1995 671 2153 695 servassent

414 843 421 856 ¹
437 843 454 863 ll
471 843 579 867 Diploma
593 843 629 862 dei
643 843 686 863 due
701 843 815 862 Guamarii
830 843 852 862 su
868 842 928 862 edito
942 842 1002 867 dopo
1016 843 1031 862 il
1048 842 1158 862 Muratori
1172 842 1219 862 dal-

1273 842 1345 862 setolo
1359 842 1410 862 XII
1420 842 1483 867 degli
1495 842 1646 862 Arci-seston*
1657 842 1683 862 a'i
1694 842 1830 862 Benevento.
1858 841 1877 861 11
1891 840 1991 866 diploma
2009 840 2031 860 di
2051 840 2118 861 Carlo
2134 841 2153 861 11

336 876 482 901 l'Anmorr-i,
497 877 575 897 Storia
593 877 651 897 della
668 877 739 900 Cava,
757 877 841 902 Napoli
860 878 924 901 1858:
941 877 977 896 nel
994 877 1073 896 Codex
1088 877 1221 900 Diplomati-

1275 874 1374 899 d’Angio
1388 874 1423 895 del
1440 881 1490 899 1³⁰4
1504 875 1522 895 si
1537 881 1646 895 conserva
1660 875 1823 895 nell¹Arehivio
1837 874 1859 894 di
1875 874 1946 898 Cava,
1964 874 2026 893 Arm.
2042 874 2070 898 O,
2085 880 2106 896 n,
2124 874 2157 893 18.

336 915 376 929 cus
391 909 506 934 Cavensts,
521 909 566 929 vol.
582 910 610 933 V,
626 915 648 934 p.
664 911 702 929 62:
719 910 733 929 il
748 909 857 934 suggello,
873 910 922 929 solo
935 910 957 929 la
971 912 1036 934 parte
1049 910 1172 933 superiore,
1183 909 1221 928 dal

338 943 470 966 ΜΑΒιιιοΝ,
486 944 588 962 Annales
605 942 660 962 Orci.
675 943 699 962 S.
719 943 844 966 Benedicti.
865 943 905 966 Vl,
926 949 949 967 p.
969 948 1016 968 ²9²,
1035 948 1047 962 e
1065 943 1086 962 le
1105 942 1148 962 due
1162 943 1221 967 parti

336 975 524 1000 nell’Appendice
537 975 557 995 al
572 976 593 996 V
608 976 654 997 vol.
670 975 705 995 del
723 976 775 995 Coa.
793 976 857 1000 Dt'pl.
873 975 935 998 Can..
955 975 1012 997 Tab.
1034 976 1051 997 1.
1082 976 1099 995 Il
1119 975 1220 1000 diploma

336 1009 373 1033 poi
388 1009 425 1028 del
442 1014 491 1033 1147
506 1009 576 1029 citato
589 1008 625 1028 dal
642 1009 752 1029 Muratori
767 1010 780 1029 ὲ
794 1009 816 1028 di
836 1009 917 1032 Pietro,
938 1009 1091 1028 Arcivescovo
1110 1009 1132 1028 di
1152 1009 1222 1028 Bene-

336 1045 411 1066 vento,
421 1047 465 1061 non
476 1041 498 1061 di
509 1042 610 1065 Salerno‚
621 1041 680 1061 dove
690 1042 760 1062 allora
771 1047 809 1061 era
819 1042 972 1061 Arcivescovo
981 1042 1110 1066 Guglielmo
1118 1042 1221 1065 (Uer-1131:

337 1080 366 1099 m,
381 1075 450 1095 ltalia
464 1080 539 1101 sacra,
553 1076 607 1101 VII,
618 1081 640 1100 p.
651 1076 706 1101 398).
731 1075 787 1095 Tale
798 1075 898 1099 diploma
912 1076 925 1095 ὲ
939 1075 1001 1095 edito
1017 1075 1038 1095 in
1054 1076 1119 1095 Sam
1129 1075 1220 1099 nium,

336 1109 403 1128 Anno
416 1107 469 1134 XX,
484 1110 577 1134 1938139,
594 1114 616 1133 p.
633 1114 656 1128 1:
680 1109 921 1134 ΜΛττΕμΕΕκΑεοιΛ,
941 1109 993 1128 Due
1012 1109 1075 1128 Bolle
1089 1109 1171 1128 inedite
1186 1108 1223 1128 del

1355 908 1372 928 ll
1388 908 1468 928 Carme
1482 909 1590 933 aggiunto
1604 909 1633 928 da
1647 908 1760 929 Giovauni
1775 908 1798 928 di
1812 907 1890 932 Capua
1905 907 1927 927 su
1942 909 2057 931 composta
2067 913 2109 931 con
2124 907 2156 927 in-

1275 941 1414 961 tendimento
1429 942 1540 967 liturgico,
1554 941 1602 961 cioe
1615 947 1656 966 per
1665 947 1759 961 onorare
1768 941 1799 966 gli
1810 940 1899 964 Abbati,
1909 940 1945 960 cui
1955 940 1973 959 si
1984 942 2088 965 prestava
2098 940 2158 960 culto

1275 974 1437 998 ecclesiastico,
1452 981 1464 994 e
1477 974 1554 999 percio
1568 975 1648 995 surono
1661 974 1784 994 tralasciati
1799 975 1849 994 iti-e
1858 973 1942 998 abbati,
1951 974 1992 993 che
2001 979 2158 997 governarono

1275 1006 1335 1031 dopo
1350 1007 1469 1027 Leonardo
1484 1013 1497 1027 e
1510 1007 1583 1032 prima
1597 1007 1620 1026 di
1635 1007 1711 1026 Leone
1726 1007 1757 1032 11,
1771 1007 1834 1026 cioe:
1853 1007 1975 1026 Tommaso
1995 1006 2083 1031 (agusto
2099 1011 2158 1030 1255-

1276 1046 1300 1064 24
1317 1046 1392 1060 marzo
1412 1041 1481 1066 1264),
1500 1039 1609 1060 Giacomo
1628 1040 1728 1065 (maggio
1746 1039 1875 1064 1264—lugli0
1894 1040 1959 1065 1266),
1980 1039 2058 1059 Amico
2078 1038 2158 1063 (luglio

1278 1075 1363 1099 ηδε-23
1377 1074 1475 1099 gennaio
1490 1075 1555 1099 1268).
1584 1074 1618 1096 Cf.
1634 1074 1788 1098 GutLLAUMss,
1803 1073 2003 1097 Essailzistortque
2014 1073 2041 1092 de
2050 1072 2159 1096 I'Abbaye

1275 1109 1302 1128 de
1317 1108 1387 1132 Cava,
1405 1109 1462 1133 1877,
1477 1108 1539 1129 Cava
1557 1108 1592 1128 dei
1607 1107 1705 1131 Tirreul.
1720 1112 1759 1132 pp.
1776 1108 1872 1132 161-170.

2185 723 2218 743 10

2197 847 2222 861 10

2199 1005 2223 1024 1⁵
