2300 3554
141 1281 156 1308 5

126 1534 158 1554 10

126 2094 160 2112 20

129 2335 160 2362 ²5

129 2579 162 2606 30

134 2821 164 2848 33

349 752 439 805 IN
490 751 775 804 VITAS
829 751 1225 805 PATRUM
1279 752 1841 806 CAVENSIUM

495 875 802 912 PRAEFATIO
836 876 1091 912 LUDOVICI
1124 876 1350 912 ANTONII
1384 877 1688 913 MURATORII

448 1191 549 1210 acaum
566 1184 692 1210 Cavensc
710 1185 916 1210 Monasterium
937 1187 965 1210 in
986 1185 1081 1217 italia,
1099 1187 1152 1210 etsi
1173 1193 1231 1210 non
1252 1187 1424 1218 antiquitate
1444 1188 1577 1219 originis,
1597 1190 1670 1212 certe
1689 1188 1851 1213 celebritate
1876 1190 2000 1213 nominis

459 1242 521 1259 eum
539 1234 772 1267 praeclarlssimis
791 1235 946 1266 quibusque
964 1234 1082 1263 Italicis,
1096 1235 1121 1258 si
1135 1234 1288 1259 Casinense
1301 1236 1436 1268 excipias,
1450 1238 1555 1261 certare
1568 1236 1602 1260 de
1615 1239 1788 1269 praestantia
1802 1238 1902 1269 possit.
1915 1238 2001 1262 situm

457 1286 500 1308 est
517 1284 548 1308 in
566 1283 746 1308 Salernitano
767 1283 915 1308 Comitatu
934 1284 1018 1316 longe
1037 1284 1071 1308 ab
1090 1284 1157 1308 urbe
1176 1284 1223 1308 vix
1245 1284 1336 1308 millia
1355 1286 1478 1316 quinque
1497 1292 1636 1316 passuum,
1663 1286 1697 1310 ad
1724 1287 1830 1310 radices
1851 1287 1998 1311 Fencstrae

457 1334 572 1362 montis,
590 1334 637 1365 qui
657 1334 793 1356 terminus
812 1334 853 1356 est
872 1333 947 1357 inter
966 1332 1176 1357 Tramontanos
1194 1335 1222 1357 et
1241 1332 1389 1358 Cavenses.
1428 1333 1469 1357 Ibi
1485 1334 1514 1357 in
1529 1334 1663 1358 orientali
1678 1336 1756 1366 parte
1771 1336 1845 1359 inter
1859 1337 1995 1360 montium

458 1383 591 1415 angustas
611 1382 703 1407 fauces
722 1381 814 1406 Vallis
833 1381 998 1406 Meteliiana
1019 1383 1095 1407 Cava
1116 1384 1284 1414 nuncupata,
1304 1383 1438 1411 cernitur,
1457 1383 1504 1406 ubi
1525 1382 1630 1415 Crypta
1651 1384 1750 1416 ingens
1768 1382 1886 1416 (Anicia
1906 1387 1946 1408 est
1976 1385 2000 1408 ei

187 1431 301 1465 nomen)
318 1439 400 1464 quarn
420 1431 601 1464 praeterfluit
618 1438 651 1455 ex
670 1431 748 1456 edito
769 1432 863 1456 monte
880 1438 963 1456 ruens
983 1420 1090 1456 sluxJius
1109 1431 1236 1456 Seianus.
1272 1431 1337 1456 illle
1356 1432 1386 1457 in
1406 1432 1526 1463 abrupto
1541 1432 1614 1464 loco,
1629 1440 1708 1463 quem
1722 1432 1903 1458 Guaimarius
1917 1434 2003 1458 Saler-

187 1480 301 1506 nitanus
321 1480 454 1513 Princeps
474 1480 610 1514 elargItus
629 1482 679 1510 est,
698 1480 818 1506 Sanctus
837 1480 965 1506 Alferius
984 1481 1079 1505 Abbas
1098 1482 1205 1514 primus
1224 1481 1428 1506 Monasterium
1451 1482 1588 1506 excitavit
1614 1482 1663 1506 sub
1689 1482 1779 1506 titulo
1802 1481 2002 1506 Sanctissimae

186 1529 349 1555 Trinitatis.
385 1529 521 1554 Attamen
541 1531 606 1554 ante
625 1529 707 1554 illum
726 1530 840 1554 Annum
861 1529 955 1562 aliqua
975 1531 1036 1554 eius
1054 1530 1176 1562 vestigia
1189 1531 1279 1559 erant,
1292 1531 1336 1555 uti
1350 1530 1455 1554 fatetur
1469 1529 1587 1555 Clariss.
1601 1529 1786 1555 Mabillonius
1801 1532 1829 1554 in
1845 1531 2003 1555 Annalibus

186 1577 379 1603 Benedictinis
397 1578 433 1603 ad
452 1578 568 1603 Annum
590 1584 665 1610 1025,
685 1586 759 1603 num.
779 1577 821 1607 82,
838 1580 885 1610 qui
900 1580 998 1611 ,tamen
1018 1580 1116 1603 contra
1136 1577 1308 1603 Cavensium
1328 1579 1530 1603 Monachorum
1555 1579 1734 1608 sententiam,
1754 1580 1915 1612 putantium
1936 1580 2003 1603 refe·

188 1627 302 1652 rendam
321 1634 379 1652 esse
399 1628 433 1652 ad
451 1628 568 1652 Annum
586 1626 639 1659 980
657 1626 800 1652 Coenobii
821 1627 1029 1659 fundationem,
1047 1627 1204 1657 contendit,
1224 1629 1289 1652 ante
1309 1629 1425 1652 initium
1443 1627 1552 1653 Saeculi
1575 1628 1722 1652 Undeciml
1742 1629 1858 1652 minime
1876 1629 2003 1652 construi

187 1678 316 1708 coeptum
336 1676 409 1700 illud
427 1675 640 1706 Monasterium‚
660 1677 718 1700 imo
737 1685 782 1701 nec
800 1677 881 1701 multo
900 1680 960 1701 ante
980 1677 1069 1701 datum
1089 1677 1218 1706 Diploma
1249 1677 1449 1702 Waimariorum
1476 1677 1639 1707 Principum,
1665 1677 1717 1701 hoc
1742 1679 1784 1701 est
1809 1679 1874 1702 ante
1901 1685 2003 1702 annum

190 1729 265 1756 1025.
283 1724 386 1749 Adfert
403 1725 591 1750 Mabillonius
609 1726 700 1759 prima
719 1725 892 1757 Diplomatls
912 1726 996 1750 istius
1015 1726 1107 1750 verba.
1144 1725 1205 1758 Ego
1218 1725 1360 1757 integrum
1373 1725 1506 1758 evulgare
1518 1727 1613 1756 statui,
1627 1725 1740 1757 quando
1754 1726 1895 1759 exemplar
1907 1726 2004 1755 habeo,

188 1772 360 1807 descriptum
379 1773 451 1799 olim
470 1781 505 1799 ex
524 1773 675 1808 archetypo
694 1780 743 1807 per
761 1773 878 1799 Clariss.
897 1773 1081 1799 BenedIctum
1100 1774 1293 1799 Bacchinium.

280 1870 433 1896 Guaimarii
450 1871 588 1902 Principis
605 1872 710 1903 eiusque
721 1871 783 1904 filii
806 1871 959 1896 Guaimarii
975 1872 1113 1903 Diploma,
1130 1880 1179 1904 quo
1197 1871 1339 1901 Adelserio
1358 1872 1458 1896 Abbati
1475 1873 1576 1897 donant
1594 1872 1743 1896 Ecclesiam
1757 1872 1794 1895 ad
1804 1872 1923 1896 honorem
1938 1872 2004 1896 San-

188 1919 321 1944 ctissime
345 1920 489 1945 Trinitatis
506 1924 689 1950 constructam.
709 1929 760 1946 una
778 1928 835 1945 cum
859 1922 962 1953 Crypta
987 1922 1014 1945 in
1039 1929 1110 1954 agro
1134 1921 1327 1952 Mitilianense,
1355 1922 1399 1946 ubi
1426 1921 1618 1946 Mouastm'um
1646 1921 1766 1945 Cavense
1791 1921 1930 1944 excitatum
1955 1925 2002 1951 est,

188 1971 266 2000 atque
283 1969 341 1994 alia
359 1969 518 2003 Privilegia
538 1971 710 2003 elargiuntur
728 1970 804 1995 Anno
823 1977 901 2001 1025.
938 1971 980 1995 Ex
998 1972 1141 2003 archetypa
1158 1975 1325 2004 pergamena
1344 1971 1469 1995 existente
1487 1971 1514 1994 in
1533 1971 1651 1995 Archivo
1670 1970 1783 1994 eiusdem
1803 1970 1971 1994 stlonasterii.

277 2038 331 2064 “In
349 2041 465 2065 nomine
482 2041 601 2066 Domini
622 2042 712 2066 nostri
731 2041 794 2066 Iesu
813 2041 933 2067 Christi.
968 2041 1027 2066 Nos
1046 2041 1226 2066 Guaimarius
1245 2044 1273 2066 et
1293 2041 1474 2067 Guaimarius
1492 2043 1572 2073 pater
1590 2043 1618 2066 et
1636 2041 1711 2066 filius
1730 2042 1829 2065 dibina
1847 2042 2006 2073 opitulante

191 2086 362 2114 “clementia
380 2089 633 2122 Langobardorum
651 2091 745 2123 gentis
764 2090 918 2122 Principes.
937 2097 985 2122 per
1003 2091 1227 2122 postulationem
1242 2090 1444 2123 Gaitelgrimae
1456 2091 1654 2116 Serenissimae
1668 2092 1751 2122 atque
1764 2090 1912 2115 Gloriosae
1925 2091 2004 2115 Prln-

189 2135 332 2170 “cipIssae
351 2138 472 2163 dilectae
490 2139 621 2171 coniugis
639 2140 667 2163 et
686 2140 785 2164 matris
805 2140 927 2169 nostrae,
946 2147 1029 2171 quam
1047 2141 1076 2164 et
1095 2147 1146 2171 pro
1166 2140 1369 2173 redemptionis
1387 2140 1507 2169 animae,
1525 2141 1554 2164 ct
1573 2140 1682 2171 patriae
1701 2141 1815 2164 nostrae
1828 2139 2004 2168 salbation1s,

190 2184 393 2211 “concedimus
411 2187 465 2211 tibi
484 2187 610 2212 Domino
629 2187 759 2212 Adelseri
779 2187 938 2212 venerabili
957 2188 1063 2212 Abbati
1081 2190 1109 2212 et
1127 2189 1272 2220 spirituali
1293 2189 1372 2212 Patri
1392 2187 1509 2213 Oratori
1528 2190 1628 2213 nostro
1647 2189 1737 2213 totam
1755 2190 1782 2212 et
1802 2188 1938 2220 inclytam
1957 2187 2006 2211 Ec-

192 2232 330 2259 “clesiam
347 2235 428 2260 illam
447 2242 510 2260 cum
528 2236 636 2268 inclyta
655 2235 770 2268 Crypta,
790 2236 820 2260 ln
840 2243 898 2267 quo
917 2237 979 2268 ipsa
997 2236 1123 2261 Ecclesia
1142 2245 1157 2261 a
1171 2237 1246 2262 nobo
1260 2237 1425 2262 fundamine
1439 2239 1602 2262 construere
1616 2237 1707 2262 fecisti
1722 2244 1784 2262 curn
1800 2239 1851 2261 tuo
1863 2236 2003 2268 expendio

191 2281 245 2307 “in
265 2285 378 2307 nomine
396 2283 516 2308 Sanctae
534 2286 562 2309 et
580 2284 748 2309 Indiblduae
766 2285 922 2309 Trinitatis
941 2291 957 2309 a
977 2285 1053 2309 foras
1072 2285 1144 2310 hanc
1164 2288 1261 2310 nostra
1280 2285 1460 2310 Salernitana
1485 2285 1603 2310 cibitate
1628 2286 1657 2309 in
1684 2285 1858 2318 pertinentia
1883 2284 2003 2309 Mitilla-

192 2330 307 2361 “nense,
325 2334 354 2357 et
372 2331 478 2364 Crypta
497 2334 559 2366 ipsa
578 2334 696 2358 vocatur
713 2334 842 2364 Arsicza,
860 2341 923 2358 cum
942 2333 1022 2358 rebus
1041 2341 1057 2358 a
1076 2334 1169 2359 subter
1187 2336 1215 2359 et
1233 2341 1250 2358 a
1268 2341 1350 2366 super
1362 2335 1418 2358 iam
1431 2334 1522 2358 dictas
1535 2333 1641 2366 Crypta
1654 2336 1681 2358 et
1695 2334 1828 2362 Ecclesia,
1841 2340 1912 2365 quae
1924 2335 2006 2357 terris

191 2378 242 2405 “et
259 2380 352 2405 vineis
370 2382 398 2406 et
416 2381 538 2406 arbustis
556 2383 584 2406 et
602 2382 707 2407 insitas
725 2383 753 2406 et
772 2383 923 2407 castanetis
943 2384 970 2406 et
985 2383 1078 2415 pomis
1095 2384 1123 2408 et
1141 2383 1239 2407 bacurn
1258 2384 1286 2407 et
1305 2384 1384 2415 ripis.
1421 2383 1524 2407 Totum
1543 2390 1601 2407 uno
1619 2385 1716 2408 tenore
1735 2389 1783 2415 per
1802 2383 1851 2407 has
1870 2382 1952 2407 θυαε
1973 2383 2006 2406 de

190 2427 270 2453 “una
288 2430 367 2461 parte
385 2429 527 2461 quomodo
545 2430 692 2455 descendit
710 2437 759 2463 per
778 2430 900 2454 medium
919 2431 1071 2461 ballonem,
1089 2432 1136 2462 qui
1157 2431 1262 2456 dicitur
1276 2431 1403 2463 Juniulu,
1421 2433 1449 2457 et
1467 2432 1618 2465 conjungit
1638 2439 1665 2456 se
1683 2439 1747 2456 cum
1767 2431 1871 2459 ssubeo,
1897 2432 1944 2462 qul
1964 2430 2006 2455 Se·

191 2477 282 2502 “iano
300 2479 424 2503 vocatur.
460 2478 502 2502 De
521 2479 578 2504 alia
597 2481 676 2513 parte
693 2479 836 2512 quomodo
855 2479 1001 2505 descendit
1019 2487 1068 2512 per
1087 2480 1178 2505 midio
1200 2480 1300 2512 Ribus,
1318 2482 1365 2512 qui
1384 2481 1537 2506 Sassubibu
1555 2480 1670 2510 dicitur,
1689 2482 1717 2504 et
1729 2481 1880 2513 conjungit
1894 2487 1921 2503 se
1941 2487 2002 2504 cum

192 2525 360 2558 “praedicto
379 2526 474 2552 flubeo
491 2527 604 2557 Selanu,
622 2530 650 2553 et
667 2528 742 2554 sicut
759 2527 904 2554 descendit
923 2529 987 2560 ipso
1006 2527 1101 2553 ssubeo
1119 2528 1233 2559 Seiano,
1251 2531 1278 2553 et
1297 2529 1447 2562 conjungit
1465 2535 1494 2552 se
1513 2536 1574 2553 cum
1592 2528 1756 2561 supradicto
1768 2528 1881 2552 ballone
1889 2528 2006 2569 Jupiolu

193 2573 206 2587 “
217 2573 333 2607 desuper
351 2577 429 2608 parte
447 2576 482 2601 ad
500 2576 555 2601 fine
573 2576 664 2602 Ribus
682 2578 822 2609 praedicti
841 2577 981 2602 Ecclesiae
1001 2578 1184 2610 conjunctum
1202 2580 1253 2607 est,
1271 2578 1394 2609 qualiter
1413 2578 1493 2602 vadit
1511 2577 1544 2601 de
1564 2584 1686 2610 suprana
1705 2584 1769 2610 pars
1788 2584 1802 2601 a
1822 2576 1914 2601 medio
1927 2583 2005 2609 prae·

194 2622 296 2648 “dicto
313 2623 411 2654 Ribus,
428 2626 476 2656 qui
495 2625 639 2650 Sassibibu
658 2626 774 2651 dicitur.
809 2626 848 2650 Aa
867 2633 934 2650 vero
953 2627 1084 2651 omnibus
1102 2627 1272 2658 supradictis
1291 2627 1372 2651 rebus
1390 2634 1439 2660 per
1457 2627 1632 2659 supradictas
1651 2625 1718 2650 fines
1737 2633 1798 2650 cum
1816 2626 1911 2649 omnia
1930 2626 2005 2650 intra

196 2671 248 2696 “se
262 2672 430 2697 habentibus
448 2674 476 2697 et
494 2674 553 2699 suis
571 2675 764 2707 pertinentiis,
783 2676 811 2699 et
829 2682 891 2699 curn
910 2675 973 2699 vice
991 2675 1024 2699 de
1043 2675 1100 2699 viis
1119 2677 1146 2700 et
1165 2675 1272 2700 auditis
1292 2677 1356 2705 suis,
1377 2677 1469 2700 totum
1483 2677 1510 2700 et
1529 2675 1668 2708 inclyturn
1682 2674 1756 2698 illud
1769 2674 1823 2698 tibi
1843 2674 2005 2705 supradicto

197 2718 333 2745 “Domno
351 2720 478 2746 Adelferi
497 2722 603 2747 Abbati
619 2723 818 2752 concessimus.
837 2725 868 2748 ut
888 2723 990 2748 amodo
1008 2725 1036 2748 et
1054 2731 1161 2756 semper
1181 2725 1211 2748 in
1230 2725 1278 2749 tua
1297 2726 1324 2748 et
1344 2724 1376 2748 de
1394 2725 1453 2748 tuis
1465 2723 1688 2753 Successoribus,
1701 2724 1748 2754 qui
1763 2724 1794 2746 in
1808 2723 1868 2755 ipsa
1881 2722 2005 2746 Ecclesia.

195 2768 209 2782 “
220 2768 402 2801 praefuerint,
421 2769 479 2795 sint
497 2772 647 2803 potestatis
665 2771 738 2796 illud
756 2772 881 2800 tenendi,
900 2771 1112 2801 dominandum,
1126 2772 1336 2805 possidendum,
1348 2775 1376 2796 et
1389 2773 1485 2796 omnia
1497 2771 1600 2796 exinde
1613 2771 1747 2800 faciendi,
1761 2771 1834 2802 quod
1849 2770 2007 2799 volueritis,

196 2817 210 2831 ‘¹
219 2819 248 2841 et
265 2816 523 2850 Congregationem
541 2818 756 2849 Monachorum,
774 2827 856 2852 quam
876 2821 906 2844 in
925 2821 987 2853 ipsa
999 2820 1124 2845 Ecclesia
1137 2827 1289 2853 aggregare
1300 2820 1430 2853 coepisti,
1443 2820 1468 2844 si
1481 2820 1631 2844 volueritis
1644 2818 1901 2851 Congregationem
1916 2820 2004 2851 ipsam

196 2863 210 2877 ⁶¹
221 2865 326 2898 augeri,
344 2867 513 2899 potestatem
530 2867 659 2893 habeatis
675 2874 736 2893 eam
755 2868 901 2900 ampliare,
918 2869 1041 2900 qualiter
1058 2869 1219 2893 volueritis.
1254 2869 1323 2893 Item
1342 2870 1365 2892 si
1385 2869 1517 2899 volueris,
1537 2868 1650 2892 bibente
1662 2870 1698 2897 te,
1720 2867 1763 2891 vel
1777 2867 1810 2891 ad
1826 2867 1898 2891 diem
1912 2866 2007 2890 obitus

196 2913 272 2946 “tu1‚
291 2914 377 2940 alium
395 2915 534 2941 Abbatem
552 2916 656 2941 ibidem
674 2917 817 2947 ordinare,
835 2917 870 2941 ad
888 2919 967 2942 tuam
985 2919 1023 2942 sit
1040 2919 1216 2950 potestatem,
1236 2917 1357 2949 qualiter
1375 2917 1510 2941 volueris.
1545 2916 1581 2941 Et
1600 2916 1658 2940 sibe
1677 2918 1704 2940 te
1724 2915 1838 2939 nolente
1859 2915 1900 2939 vel
1916 2915 2004 2946 negli—

197 2961 311 2995 ‘gente,
328 2965 393 2988 ante
411 2965 488 2989 tuam
506 2964 720 2990 defunctionem
738 2965 833 2990 Abbas
852 2973 901 2999 per
925 2967 952 2990 te
971 2967 1002 2990 in
1026 2967 1199 2999 praedictum
1224 2965 1427 2990 Monasterium
1452 2965 1571 2989 Sanctae
1595 2964 1747 2989 Trinitatis
1773 2963 1920 2988 ordinatus
1945 2969 2002 2987 non
