2300 3554
97 542 115 575 5

75 807 113 839 10
136 807 307 849 apparuit.

135 859 193 892 leti
218 861 444 903 conspiciunt,
460 871 560 904 quem
577 861 733 903 lugentes
747 861 902 893 invenire
920 866 1090 893 mortuum
1107 859 1339 892 crediderunt.

72 1069 109 1102 15
135 1076 206 1104 tum
230 1072 401 1114 fugerent,
425 1072 469 1104 ad
490 1072 603 1104 vicina
628 1072 714 1104 celle
732 1072 793 1103 viri
819 1073 882 1104 Dei
899 1072 977 1105 loca
1000 1076 1240 1114 pervenerunt.

380 200 540 237 VITAE
569 200 832 240 QUATUOR
862 200 1099 236 PRIORUM
1131 198 1390 235 ABBATUM
1420 198 1727 235 CAVENSIUM
1943 201 1959 237 7

138 330 263 363 nobilis
277 331 298 369 ¹,
323 331 388 374 qui'
404 333 447 364 ad
464 332 680 364 emulandum
697 332 752 373 pie
777 332 911 364 virtutis
927 332 999 364 eius
1015 332 1162 363 studium
1179 342 1214 363 se
1231 331 1302 363 eius
1319 331 1513 373 magisterio
1529 331 1765 363 subdiderunt.
1804 331 1958 369 Quorum

141 384 301 416 nimirum
334 385 420 417 alter
443 391 519 427 post
543 395 619 417 eum
650 385 797 417 Cavensi
830 385 1034 416 monasterio
1066 385 1205 425 prefuit,
1238 384 1322 416 alter
1353 385 1460 416 sancti
1493 383 1674 416 Benedicti
1699 384 1821 416 montis
1845 384 1957 416 Casini

140 436 247 469 abbas
270 438 483 475 constitutus,
507 437 634 470 dehinc
658 438 694 469 in
725 437 826 470 totius
857 437 949 470 orbis
981 437 1139 475 culmine,
1171 437 1332 470 videlicet
1364 438 1519 470 Romane
1551 437 1696 469 ecclesie
1728 438 1959 479 pontificatum

141 489 343 522 sublimatus
366 497 427 523 est.

229 543 298 576 Sed
321 545 458 576 humani
483 545 620 588 generis
644 544 803 577 inimicus
826 545 935 576 sancti
953 544 1018 576 viri
1034 544 1247 576 successibus
1265 543 1434 580 invidens,
1450 554 1526 575 cum
1544 544 1689 585 quadam
1707 543 1761 574 die
1779 543 1957 575 Salernum

139 602 276 629 euntem
300 603 467 634 cerneret,
490 607 593 639 super
617 596 752 629 excelse
776 597 870 638 rupis
894 597 1057 629 verticem
1081 606 1118 628 se
1141 596 1276 629 obvium
1301 595 1448 638 prebuit,
1472 603 1505 628 et
1528 596 1724 632 iumentum,
1749 596 1801 627 cui
1834 596 1960 627 inside-

139 648 206 685 bat,
229 655 414 687 exterrens,
428 660 490 693 per
513 650 713 682 immensum
729 650 852 682 montis
876 656 1074 692 preruptum
1087 649 1098 665 ¹
1115 649 1146 679 in
1172 649 1389 691 precipitium
1413 649 1520 681 dedit.
1561 649 1719 680 Deiectus
1737 648 1850 690 itaque
1869 655 1960 680 tante

137 702 231 744 rupis
255 703 386 735 vertice
418 713 496 735 cum
528 703 691 741 iumento,
715 703 768 735 cui
793 702 1000 744 presidebat,
1027 701 1070 734 ad
1095 702 1173 734 litus
1196 702 1308 738 maris,
1331 701 1423 744 quod
1448 701 1559 733 eidem
1589 702 1691 733 monti
1716 701 1865 738 suberat,
1890 712 1957 732 non

137 754 227 787 sicut
249 766 351 787 ruens
373 755 513 793 cecidit,
528 756 590 788 sed
605 754 795 792 scan'dens,
811 756 908 797 quasi
925 754 1178 787 deambulando
1195 754 1412 797 perveniens,
1429 754 1530 792 stetit,
1546 754 1626 796 quia
1644 754 1776 795 integer
1793 760 1825 784 et
1843 754 1958 785 illesus

355 806 426 845 Qui
450 814 563 841 autem
588 808 850 846 comitabantur,
875 818 949 839 cum
967 808 1072 839 multo
1098 807 1176 838 fletu
1201 807 1246 838 ad
1263 817 1354 838 oram
1371 807 1472 838 maris
1485 806 1495 822 ³
1512 807 1661 843 veniunt,
1678 806 1737 838 sed
1754 806 1955 838 incolumem

1386 859 1512 901 Sicque
1529 860 1657 891 factum
1675 866 1734 895 est,
1752 865 1785 890 ut
1802 859 1957 900 antiquus

136 913 242 945 hostis
264 923 301 946 se
324 920 418 946 tanta
442 914 507 946 viri
533 913 740 946 venerabilis
763 915 885 946 virtute
909 919 1103 955 superatum
1129 912 1357 948 erubesceret.
1383 912 1461 954 quia
1485 912 1556 944 eius
1572 911 1714 954 gloriam
1734 912 1838 949 auxit,
1855 921 1955 953 quam

134 967 338 1009 extinguere
362 966 537 998 moliendo
561 966 735 1009 cogitavit.

222 1019 301 1052 Alio
325 1029 462 1062 quoque
486 1025 652 1061 tempore,
675 1020 755 1051 dum
779 1020 917 1062 quidam
943 1019 1158 1052 Salernitane
1182 1018 1330 1050 civitatis
1353 1018 1414 1049 viri
1439 1018 1639 1049 irruentium
1665 1017 1830 1049 latronum
1848 1018 1955 1058 impe-

1289 1070 1356 1103 Ubi
1373 1080 1450 1102 cum
1467 1080 1610 1112 pausare
1627 1069 1690 1102 sub
1707 1080 1789 1112 rupe
1808 1070 1952 1113 quadam

134 1124 328 1162 voluissent,
351 1125 472 1168 ingens
495 1136 614 1158 saxum
637 1126 680 1157 de
705 1126 825 1157 eadem
857 1136 940 1167 rupe
964 1124 1119 1162 dissiluit,
1151 1130 1186 1155 et
1217 1121 1410 1166 quemdam'
1434 1134 1474 1155 ex
1505 1123 1564 1160 eis,
1589 1123 1778 1155 Burrellum
1803 1123 1951 1159 nomine,

132 1183 317 1210 conterens
341 1178 497 1210 extinxit.

545 1176 658 1215 Quem
681 1184 719 1210 ut
741 1178 823 1210 socii
848 1185 1016 1210 mortuum
1040 1184 1141 1220 atque
1165 1177 1351 1209 contritum
1374 1183 1568 1214 cernerent,
1590 1176 1635 1207 ad
1659 1176 1724 1207 viri
1749 1176 1812 1208 Dei
1837 1186 1953 1207 mona-

131 1230 281 1268 sterium,
303 1230 370 1262 iam
394 1231 557 1263 inclinato
582 1240 725 1272 vespere
748 1231 985 1273 sepeliendum
1009 1229 1217 1263 detulerunt.
1261 1229 1394 1267 Quibus
1425 1234 1520 1270 pater
1552 1228 1756 1261 venerabilis
1787 1229 1952 1270 precepit,

131 1288 170 1314 ut
192 1289 293 1316 nocte
316 1283 377 1316 illa
401 1283 632 1321 discederent,
655 1290 759 1325 atque
783 1284 937 1326 sequenti
961 1284 1017 1316 die
1042 1282 1086 1314 ad
1109 1283 1355 1324 sepeliendum,
1372 1291 1472 1324 quem
1490 1281 1690 1318 detulerant,
1707 1281 1869 1313 redirent.
1914 1281 1952 1312 In

65 1336 108 1368 20
132 1336 253 1368 eodem
275 1347 357 1368 vero
380 1347 487 1379 specu
511 1343 608 1379 pater
631 1339 779 1369 sanctus'
796 1338 862 1368 iam
886 1336 1069 1369 oratorium
1094 1341 1341 1373 construxerat,
1364 1335 1397 1366 in
1416 1344 1483 1377 quo
1507 1335 1587 1376 poni
1610 1334 1774 1366 feretrum
1798 1334 1902 1370 iussit,
1918 1340 1951 1365 et

129 1394 303 1431 assumpto
326 1389 443 1422 Leone
467 1389 640 1432 discipulo
663 1400 734 1427 suo,
757 1391 854 1422 cuius
877 1390 1032 1431 superius
1055 1389 1262 1420 mentionem
1292 1387 1374 1426 teci,
1396 1387 1431 1419 in
1455 1387 1608 1420 oratione
1633 1387 1753 1418 eadem
1778 1392 1878 1418 nocte
1902 1387 1950 1418 vi-

129 1441 259 1484 gilavit.
305 1443 409 1475 Mane
433 1443 537 1485 igitur
560 1443 666 1481 facto,
691 1442 847 1476 defuncti
872 1442 961 1474 illius
984 1442 1129 1474 comites
1152 1442 1308 1478 redeunt,
1331 1440 1402 1477 sed,
1425 1439 1569 1472 mirabili
1592 1446 1730 1481 stupore
1755 1446 1788 1471 et
1811 1439 1948 1481 gaudio,

129 1504 231 1537 quem
254 1501 423 1527 mortuum
446 1495 655 1533 dimiserant,
678 1506 747 1528 non
770 1496 877 1528 solum
901 1495 1085 1531 viventem,
1100 1494 1162 1526 sed
1178 1494 1279 1526 etiam
1295 1491 1510 1525 incolumem'
1525 1499 1727 1534 receperunt
1738 1492 1759 1523 ⁴.
1789 1490 1947 1529 Quadam

128 1547 211 1579 item
235 1547 292 1580 die
315 1554 446 1590 septem
471 1548 537 1580 viri
559 1548 603 1580 ad
627 1548 868 1580 monasterium
892 1553 1071 1586 venerunt,
1087 1557 1172 1589 quos
1195 1552 1272 1588 post
1288 1545 1514 1578 edificationis
1538 1545 1644 1577 verba
1667 1544 1762 1576 refici
1786 1544 1950 1586 precepit.

64 1598 106 1631 25
131 1599 237 1638 Quod
261 1601 341 1633 dum
366 1601 588 1634 cellararius⁵
612 1601 732 1643 perfici
755 1602 879 1634 devote
903 1600 1076 1637 voluisset,
1105 1599 1176 1633 sola
1207 1599 1354 1642 quinque
1385 1608 1450 1631 ova
1480 1599 1513 1629 in
1545 1598 1636 1630 omni
1667 1597 1755 1629 cella
1786 1597 1948 1639 repperit,

127 1661 171 1684 ex
194 1653 319 1696 quibus
341 1654 473 1697 equalis
495 1654 642 1687 refectio
666 1660 796 1696 septem
820 1654 902 1686 viris
925 1653 1081 1687 distribui
1105 1662 1172 1685 non
1195 1662 1294 1694 posse
1318 1651 1393 1683 viro
1416 1651 1482 1683 Dei
1511 1650 1686 1683 nuntiavit.
1733 1650 1806 1681 Hec
1838 1656 1948 1681 autem

127 1712 226 1749 pater
248 1714 387 1740 sanctus
410 1708 454 1741 ad
477 1718 514 1740 se
538 1709 670 1741 deferri
693 1710 857 1740 instanter
881 1708 988 1745 iussit,
1019 1706 1123 1739 allata
1146 1705 1330 1744 benedixit,
1354 1712 1397 1742 et,
1420 1706 1513 1747 quod
1535 1704 1634 1736 valde
1659 1703 1863 1745 stupendum
1888 1709 1948 1740 est,

126 1759 192 1791 nisi
207 1770 228 1792 a
252 1760 326 1792 Deo
348 1771 412 1803 per
434 1761 519 1793 tanti
536 1761 603 1793 viri
618 1761 838 1794 ministerium
863 1762 971 1799 fieret,
989 1771 1031 1792 ex
1054 1760 1202 1802 quinque
1227 1759 1300 1792 ovis
1322 1764 1453 1800 septem
1470 1758 1550 1789 viris
1565 1757 1706 1800 singulis
1721 1756 1854 1799 singula
1871 1765 1947 1796 pre-

128 1811 212 1845 buit.

259 1812 339 1851 Quo
362 1814 520 1846 nimirum
544 1815 607 1846 viri
630 1814 696 1846 Dei
719 1824 824 1856 opere
849 1820 975 1856 quanta
998 1814 1041 1846 sit
1063 1813 1167 1846 etiarn
1190 1812 1295 1844 virtus
1318 1811 1475 1843 karitatis
1497 1810 1705 1854 agnoscitur,
1730 1819 1795 1851 que
1819 1820 1838 1840 a
1868 1819 1945 1851 per-

61 1865 104 1897 30
127 1865 221 1899 fecto
244 1866 279 1897 in
302 1867 448 1900 caritate
472 1868 564 1900 velut
588 1867 690 1900 condi
714 1867 899 1904 incondita,
924 1872 958 1899 et
981 1877 1046 1909 que
1072 1876 1140 1898 non
1163 1871 1269 1902 erant,
1295 1875 1367 1897 esse
1391 1865 1598 1906 potuerunt.l

212 1918 315 1962 Cepit
337 1920 438 1952 etiam
461 1921 514 1952 vir
536 1921 674 1953 Domini
696 1920 877 1962 prophetie
901 1920 1020 1961 spiritu
1043 1918 1186 1961 pollere,
1209 1923 1352 1950 ventura
1375 1926 1597 1959 cognoscere,
1623 1921 1657 1947 et
1680 1915 1827 1958 cognita,
1845 1920 1880 1946 ut
1895 1924 1945 1946 re-

58 2129 100 2162 35
125 2131 275 2171 vivente‚
299 2133 362 2165 sed
384 2133 551 2165 moriente
575 2132 761 2166 sanabitur.

57 2678 89 2695 10

56 2886 86 2914 1⁵

124 1983 197 2004 rum
220 1972 384 2016 poscebat
408 1973 536 2006 utilitas
565 1974 721 2005 nuntiare
733 1972 755 2004 ⁶.

803 1972 951 2010 Quidam
976 1982 1111 2014 nanque
1145 1972 1188 2003 de
1220 1969 1442 2003 vicinioribus
1473 1969 1558 2000 locis
1589 1968 1769 2010 quemdam
1792 1967 1836 1999 ad
1866 1978 1942 1999 eum

125 2035 391 2070 energumenum
416 2027 568 2060 vinctum
592 2027 686 2059 ferro
710 2026 888 2066 duxerunt,
911 2025 1115 2068 suppliciter
1139 2025 1365 2066 deprecantes
1388 2029 1424 2055 ut
1448 2022 1478 2054 ei
1495 2032 1612 2054 manus
1628 2023 1828 2063 imponeret,
1844 2026 1946 2062 atque

126 2077 335 2111 immundum
359 2079 402 2112 ab
425 2090 467 2112 eo
491 2080 645 2122 spiritum
669 2081 817 2122 fugaret.

864 2078 998 2116 Quibus
1021 2079 1073 2109 vir
1103 2076 1312 2110 venerabilis
1342 2075 1520 2118 respondit
1551 2075 1687 2107 dicens:
1711 2074 1778 2106 Hic
1802 2084 1869 2106 non
1893 2084 1946 2104 me

809 2131 915 2169 Quod
946 2132 1106 2174 profecto
1138 2131 1185 2162 ita
1214 2129 1388 2171 impletum
1419 2128 1531 2160 testati
1561 2133 1647 2164 sunt,
1679 2127 1735 2168 qui
1766 2132 1943 2158 noverunt.

123 2184 212 2216 Nam
235 2185 292 2217 ubi
315 2191 413 2227 pater
435 2191 573 2218 sanctus
596 2185 695 2224 obiit,
711 2185 755 2218 ab
772 2184 893 2218 eodem
917 2184 1057 2216 obsesso
1073 2183 1119 2216 ad
1135 2182 1328 2225 sepulcrum
1347 2182 1418 2214 eius
1434 2180 1548 2213 delato
1565 2179 1772 2211 immundum
1788 2178 1943 2221 spiritum

210 2293 217 2309 ¹
238 2296 278 2320 La
292 2297 394 2320 venuta
407 2296 437 2321 di
451 2297 600 2321 Desiderio
614 2304 630 2322 a
645 2296 722 2321 Cava
737 2295 792 2329 pub
806 2296 967 2328 assegnarsi
978 2296 1004 2320 al

122 2343 206 2369 1047:
226 2338 247 2363 il
269 2339 412 2364 chronicon
435 2340 575 2364 Casineuse
595 2339 657 2372 (lib.
672 2339 718 2367 111,
733 2347 755 2363 c.
775 2337 857 2370 rix-v)
877 2345 958 2363 narra
980 2338 1004 2362 le

121 2379 237 2404 vicende
257 2380 306 2404 che
326 2381 498 2405 condussero
518 2381 668 2405 Desiderio
687 2388 784 2414 presso
807 2380 1005 2408 sant'Alserlo,

118 2427 133 2444 e
153 2422 173 2445 il
194 2429 244 2446 suo
270 2423 382 2447 ritorno
401 2430 417 2447 a
437 2423 601 2448 Benevento
622 2424 666 2447 nel
687 2424 807 2447 cenobio
827 2423 856 2446 di
869 2422 894 2446 S.
915 2421 1004 2450 Solia}

118 2463 270 2488 Desiderio
290 2465 334 2489 nei
355 2466 417 2489 suoi
437 2465 576 2498 Dialoghi
589 2464 682 2497 (verso
697 2466 724 2490 la
742 2465 795 2489 fine
809 2465 853 2489 del
869 2464 942 2488 libro
953 2463 1005 2491 ΙΙΙ)

118 2505 257 2537 psi-lando
276 2507 306 2530 dl
319 2506 508 2531 sant’Alferio
529 2507 591 2532 dice
603 2515 608 2530 :
623 2507 695 2539 “qui
714 2507 788 2540 apud
802 2514 865 2531 eum
878 2506 1005 2537 aliquan-

119 2547 133 2560 ¹‘
144 2547 238 2572 tulum
259 2548 441 2574 familiariter
460 2550 552 2574 mansi
562 2567 584 2580 „.

204 2588 216 2605 ²
232 2590 350 2614 lusum
375 2591 481 2616 Hister.
506 2592 661 2622 Pht'li'ppic.‚
682 2590 774 2615 XLII:
796 2590 1004 2621 “Prseruptum

119 2629 259 2656 “collium
282 2634 478 2664 montiumque
497 2634 583 2658 ardua
609 2635 727 2665 occupat
737 2650 759 2664 „.

202 2672 214 2690 3
233 2674 271 2698 La
297 2675 393 2698 antica
413 2675 461 2699 via
481 2675 515 2700 da
545 2675 622 2700 Cava
642 2682 658 2699 a
677 2674 795 2699 Salerno
815 2675 906 2698 saliva
931 2674 1003 2698 sulle

116 2717 269 2748 montagne
287 2717 504 2741 scavalcandole
524 2725 619 2749 presso
634 2718 655 2741 il
674 2717 747 2742 colle
767 2724 781 2740 a
803 2717 890 2740 forma
912 2716 939 2739 di
961 2717 1002 2747 pi-

116 2758 231 2786 ramide,
251 2758 330 2782 detto
349 2759 377 2782 di
398 2758 425 2783 S.
445 2759 620 2789 Liberatore‚
634 2759 684 2783 che
704 2766 801 2790 separa
815 2759 840 2782 le
860 2759 912 2782 due
931 2755 1002 2781 citta

115 2804 130 2821 e
148 2799 176 2822 di
195 2796 224 2822 la
242 2801 378 2824 scendeva
398 2807 414 2824 a
432 2800 558 2825 Salerno.
579 2800 620 2825 La
640 2801 687 2824 via
700 2801 855 2824 littoranea
870 2800 1002 2823 moderna

115 2839 145 2863 su
164 2842 259 2872 aperta
280 2841 325 2865 nel
348 2841 414 2872 1518
439 2841 487 2874 (cs.
507 2841 664 2867 Saus-roan
682 2840 842 2869 Gammae,
863 2841 1001 2865 Marcim-

115 2881 237 2909 Salerno‚
255 2881 321 2906 F.lli
342 2882 456 2911 Iovane,
469 2882 595 2911 Salerno,
610 2883 687 2915 1890,
707 2890 734 2914 p.
747 2881 801 2912 61).
821 2881 1001 2906 Nell’ultimo

113 2924 202 2947 tratto
222 2923 397 2954 dell’antica‚
422 2926 487 2956 oggi
508 2925 644 2949 divenuta
662 2925 793 2956 alpestre.
811 2924 890 2955 quasi
917 2930 1002 2955 sopra

113 2963 139 2988 le
153 2965 304 2996 sabbriche,
316 2966 367 2991 che
379 2966 552 2999 rimangono
565 2966 731 2992 dell’antico
745 2967 906 2990 monastero
917 2971 1001 2997 greco

1058 2296 1086 2319 di
1106 2295 1132 2319 S.
1152 2294 1254 2318 Nicola
1275 2294 1307 2317 de
1327 2293 1497 2321 Gauocanta,
1519 2299 1535 2314 0
1554 2291 1586 2314 de
1602 2291 1751 2322 gradellis,
1771 2291 1793 2314 si
1809 2292 1877 2313 nota
1891 2298 1941 2314 sn-

1058 2344 1124 2362 cora
1137 2344 1175 2360 un
1189 2338 1278 2369 punto
1293 2336 1371 2367 quasi
1385 2342 1399 2358 a
1414 2334 1494 2366 picco
1509 2333 1550 2358 sul
1566 2340 1648 2360 mare,
1661 2332 1784 2356 secondo
1798 2333 1824 2355 la
1838 2332 1940 2355 deseri-

1059 2380 1142 2403 zlone
1156 2380 1206 2402 che
1227 2386 1260 2402 ne
1281 2379 1309 2402 sa
1328 2384 1377 2401 san
1397 2377 1509 2400 Vittore
1529 2376 1566 2399 111
1587 2376 1630 2398 nei
1646 2375 1782 2406 Dialoghi
1798 2374 1940 2398 rlserendo

1059 2423 1087 2446 lo
1116 2423 1204 2446 stesso
1231 2419 1383 2444 mlracolo:
1405 2418 1638 2450 “quinquaginta
1665 2424 1761 2448 passus
1780 2420 1806 2440 et
1826 2424 1859 2440 eo
1884 2423 1938 2439 am-

1060 2464 1073 2477 “
1084 2464 1159 2496 plius
1179 2464 1210 2487 in
1228 2463 1317 2487 altum
1328 2479 1350 2492 „-

1145 2504 1155 2521 ⁴
1174 2505 1200 2530 S.
1221 2503 1370 2529 Gnscoxn
1389 2503 1476 2531 θέαι,
1495 2502 1528 2533 11,
1548 2507 1648 2526 xxxu:
1670 2500 1780 2525 “Cuius
1800 2508 1865 2524 mox
1885 2507 1938 2523 ms-

1059 2547 1149 2571 “num
1170 2547 1263 2570 tenuit
1281 2548 1310 2570 et
1328 2552 1390 2569 eum
1412 2544 1488 2576 patri
1514 2544 1656 2567 viventem
1677 2545 1759 2573 atque
1779 2541 1939 2565 incolumen

1059 2589 1160 2614 “dedit
1170 2606 1191 2619 ,.

1144 2629 1154 2646 ⁵
1173 2631 1271 2655 Invece
1291 2630 1335 2654 del
1355 2629 1513 2654 cellerarius
1531 2625 1618 2659 (colui
1634 2627 1683 2651 che
1702 2625 1823 2650 secondo
1837 2625 1865 2649 la
1888 2626 1938 2649 Re-

1053 2675 1124 2706 gula
1144 2673 1322 2697 monachorum
1343 2672 1519 2695 amministrat
1531 2677 1545 2693 e
1558 2676 1623 2692 cura
1638 2669 1662 2692 le
1682 2674 1746 2692 cose
1765 2667 1937 2698 temporali).

1057 2722 1106 2739 san
1127 2713 1241 2738 Vittore
1260 2713 1401 2737 narrando
1422 2712 1450 2736 lo
1468 2714 1557 2735 stesso
1577 2709 1714 2734 mii-aeolo
1729 2709 1789 2733 dice
1809 2708 1857 2732 che
1871 2708 1902 2731 su
1917 2708 1935 2731 il

1051 2756 1224 2788 praepositus
1243 2756 1306 2783 Leo,
1320 2755 1369 2786 pol
1383 2759 1541 2778 successore
1554 2753 1581 2776 di
1597 2750 1792 2777 sant·A1ferio.
1807 2750 1856 2773 che
1870 2757 1938 2781 por-

1056 2797 1087 2822 ῐὸ
1107 2799 1132 2822 le
1151 2803 1165 2828 5
1187 2804 1270 2825 uova,
1289 2805 1303 2820 e
1326 2797 1375 2820 che
1393 2795 1433 2827 gli
1455 2794 1535 2818 riseri
1557 2794 1577 2818 il
1599 2794 1679 2818 fatto.

1142 2838 1153 2855 ⁶
1171 2840 1198 2864 S.
1218 2838 1367 2863 Gnaeum
1389 2838 1473 2866 DiaL,
1500 2835 1535 2864 Π,
1557 2842 1603 2860 11:
1629 2834 1641 2846 ¹¹
1654 2834 1757 2867 Coepit
1777 2841 1844 2857 vero
1863 2834 1938 2856 inter

1057 2882 1136 2906 “ista
1155 2882 1200 2904 vir
1218 2881 1270 2904 Dei
1291 2881 1376 2904 etiam
1391 2878 1557 2911 prophetiae
1575 2877 1678 2909 spiritu
1692 2876 1807 2908 pollere,
1821 2876 1938 2898 ventura

1057 2922 1250 2957 ‘praedicere,
1269 2920 1461 2954 praesentibus
1480 2920 1608 2943 absentia
1628 2918 1759 2942 nuntiare
1770 2935 1793 2948 ,Γ

1969 2380 2002 2397 20

1968 2591 1997 2615 25

1966 2796 2000 2821 30

2037 1929 2096 1943 c.»
