2280 3476
159 348 178 362 C.
195 347 238 361 ΠΥ

109 1031 183 1051 Mus..
203 1032 241 1050 216

165 1144 182 1160 0.
198 1144 244 1158 [ἓν

256 2263 286 2279 10

255 2474 283 2499 15

252 2682 285 2699 20

566 118 737 183 VITAE*
758 147 1018 186 QUATUOR
1046 148 1288 184 PRIORUM
1316 149 1575 185 ABBATUM
1605 151 1918 188 CAVENSIUM

326 289 427 320 quam
450 289 493 310 ex
517 284 588 310 toto
611 278 749 310 auferre
774 279 938 321 nequivit,
954 280 1118 311 terrendo
1134 279 1258 312 minuit
1272 280 1293 312 ¹.
1340 280 1508 312 Iustorum
1533 281 1659 325 quippe
1683 282 1822 326 fulgore
1837 283 1968 323 enituit,
1985 286 2043 327 qui
2058 296 2151 318 more

327 334 537 364 sanctorum'
561 331 722 372 paracliti
747 331 894 373 Spiritus
915 333 1028 374 gratia
1051 332 1173 374 plenus
1195 333 1262 365 fuit
1275 333 1296 366 ².

414 384 535 426 Neque
559 383 645 415 illud
668 383 837 415 silendum
853 385 1012 422 arbitror,
1030 385 1124 426 quod
1142 386 1328 428 Gisulphus
1350 386 1522 428 princeps,
1538 397 1615 418 cum
1632 387 1857 429 amalphitani
1873 388 2048 422 cuiusdam
2067 401 2150 432 opes

325 437 500 478 depositas
523 435 659 468 Salerni
682 437 774 479 apud
798 437 1031 470 obedientiam
1054 439 1253 471 monasterii
1268 439 1431 471 videlicet
1447 440 1556 471 sancti
1574 440 1722 483 Nycolai
1738 442 1780 473 de
1804 441 1942 483 palma⁸
1967 443 2149 485 cognovis-

324 496 385 528 set,
411 489 454 521 ad
480 490 593 521 locum
617 490 763 522 accessit
786 495 820 521 et
843 490 1036 532 depositum
1060 501 1181 523 eruere
1205 492 1396 534 temptavit.
1444 491 1551 530 Quod
1573 504 1651 524 cum
1684 493 1784 526 beato
1813 494 1885 526 viro
1909 494 2148 534 innotesceret,

322 542 504 585 prevenire
528 542 722 584 principem
745 543 885 583 studuit,
908 549 945 575 ut
967 543 1133 576 videlicet
1156 555 1236 577 arce
1267 545 1317 577 illi
1342 546 1518 583 insideret,
1541 556 1585 578 ne
1610 547 1815 589 depositum,
1840 548 1932 589 quod
1953 548 2043 580 intus
2065 549 2150 581 late-

322 596 391 634 bat,
415 596 488 627 sine
512 596 562 628 sui
585 596 712 628 iniuria
735 595 836 628 educi
859 597 1037 638 potuisset.
1083 597 1184 630 Tunc
1206 598 1381 640 princeps,
1398 599 1457 641 qui
1473 605 1569 632 tanto
1593 600 1681 641 patri
1706 600 1850 631 iniurias
1872 600 2003 632 inferre
2018 607 2149 634 metue-

323 648 393 688 bat,
415 650 512 691 quasi
536 659 597 691 per
621 649 733 681 iocum
758 660 893 681 manum
918 650 963 681 ad
984 660 1100 682 arcam
1124 652 1279 690 tendere,
1295 658 1330 683 et
1352 657 1388 684 ut
1412 658 1568 701 surgeret
1592 653 1635 685 de
1655 653 1779 685 eadem
1801 663 1883 685 arca
1894 653 2026 696 rogare‘
2044 654 2148 696 cepit.

321 701 392 734 Sed
417 702 467 733 vir
491 702 556 733 Dei
581 703 764 734 exterioris
788 702 989 735 calliditatis
1012 710 1084 735 arte
1109 703 1302 736 blandienti
1325 705 1444 737 eadem
1467 706 1574 738 voluit
1605 711 1678 738 arte
1705 705 1863 747 illudere,
1888 711 1924 738 ut
1947 717 2055 748 prave
2079 707 2148 739 cal-

318 755 421 788 lentis
444 755 592 787 intentio
617 755 778 787 effectum
810 756 939 788 habere
970 757 1108 788 minime
1140 758 1316 798 potuisset.
1362 759 1450 790 Nam
1483 760 1642 801 quotiens
1672 758 1717 791 ad
1748 769 1863 791 arcam
1894 760 2057 801 princeps
2086 770 2148 801 per

320 808 433 840 iocum
456 819 592 840 manum
615 808 791 850 tendebat,
817 809 867 840 vir
890 810 1025 841 Domini
1049 810 1146 852 quasi
1168 812 1247 843 item
1272 812 1425 843 ludendo
1450 823 1585 844 manum
1617 812 1783 854 principis
1804 812 1927 845 baculo
1954 813 2062 845 ferire
2086 814 2146 844 mi-

317 861 473 893 nabatur.
519 861 674 904 Cumque
699 863 765 894 hoc
784 862 904 903 sepius
927 863 1025 894 fieret
1047 868 1082 894 et
1105 864 1197 895 idem
1221 864 1385 906 princeps
1409 864 1475 896 iam
1499 875 1568 896 non
1591 865 1680 902 ioco,
1696 866 1758 897 sed
1780 865 1869 896 serie
1893 871 1927 897 et
1949 866 2145 907 importune

318 925 374 946 res
396 924 477 946 arce
502 916 648 946 latentes
671 915 835 957 exigeret,
859 915 911 947 vir
933 915 998 946 Dei
1022 917 1110 948 irato
1134 917 1286 958 principi
1309 927 1378 948 non
1402 918 1509 949 solum
1535 927 1604 949 non
1628 918 1814 960 acquievit,
1838 918 1899 949 sed
1931 918 2034 950 etiam
2057 918 2145 950 factl

318 968 543 1000 temeritatem
566 968 791 1000 vehementer
813 969 1016 1010 increpavit.
1063 969 1164 1000 Tunc
1195 970 1369 1011 princeps,
1393 976 1461 1002 tam
1492 972 1696 1008 constantia,
1720 982 1821 1014 quam
1852 971 2005 1004 sollertia
2035 971 2144 1003 sancti

318 1020 382 1052 viri
407 1027 587 1062 superatus
611 1021 764 1058 recessit,
781 1027 814 1052 et
838 1021 1029 1062 depositum
1054 1022 1200 1054 hominis
1222 1023 1388 1054 intactum
1412 1024 1574 1065 reliquit!
1609 1023 1679 1056 Sed
1696 1024 1739 1056 de
1755 1025 1840 1056 tanti
1856 1025 1922 1056 viri
1937 1023 2142 1056 auctoritate

317 1075 381 1105 ista
405 1074 555 1116 tetigisse
579 1073 734 1105 sufficiat.
782 1074 870 1105 Nam
895 1074 922 1106 si
944 1075 1019 1116 quis
1042 1085 1103 1116 per
1126 1075 1261 1117 singula
1285 1082 1410 1108 cuncta
1433 1077 1659 1117 describeret,
1684 1077 1840 1118 quotiens
1864 1076 1997 1109 scilicet
2020 1085 2056 1108 se
2079 1086 2142 1117 pro

317 1127 492 1159 solvendis
514 1127 640 1159 vinctis
657 1127 836 1165 obiecerit,
852 1128 1011 1169 quotiens
1027 1134 1063 1159 ut
1078 1128 1164 1159 alios
1180 1128 1331 1169 eriperet
1354 1129 1576 1171 semetipsum
1592 1130 1764 1171 optulerit,
1782 1126 1913 1172 quibus'
1935 1135 1995 1161 aut
2008 1130 2143 1171 quantis

317 1180 477 1222 precibus
500 1186 534 1211 et
557 1179 807 1218 blandimentis,
833 1181 955 1222 quibus
978 1181 1078 1212 minis
1101 1186 1134 1212 et
1157 1180 1357 1218 terroribus,
1382 1188 1466 1223 quot
1497 1183 1578 1213 item
1610 1182 1743 1214 vicibus
1766 1189 1800 1214 et
1823 1182 1952 1214 artibus
1984 1182 2141 1214 eumdem

316 1233 510 1275 principem
535 1242 717 1275 aggressus
739 1233 854 1270 fuerit,
878 1244 946 1265 non
969 1233 1141 1276 paginam,
1165 1235 1226 1266 sed
1249 1244 1422 1266 enormem
1447 1235 1604 1267 codicem
1635 1235 1804 1277 impleret.
1851 1235 1957 1274 Quod
1980 1235 2140 1276 profecto

316 1285 409 1317 beati
432 1286 497 1318 viri
518 1286 731 1328 propositum
755 1292 916 1328 quantum
940 1286 1088 1319 Domino
1112 1287 1281 1328 placeret,
1305 1288 1434 1329 apertis
1456 1287 1558 1320 rebus
1583 1294 1755 1320 ostensum
1779 1294 1840 1321 est.

403 1339 538 1371 Festum
562 1339 691 1381 quippe
717 1339 816 1372 beate
840 1339 981 1381 virginis
1004 1347 1039 1372 et
1063 1341 1221 1383 martyris
1245 1340 1374 1372 Cecilie
1398 1351 1461 1382 pro
1485 1341 1625 1379 affectu,
1649 1352 1750 1384 quem
1775 1351 1858 1383 erga
1888 1341 1960 1372 eius
1983 1340 2138 1372 meritum

315 1393 475 1431 habebat,
498 1392 732 1434 sollempniter
756 1392 935 1424 celebrare
953 1399 1188 1424 consueverat.
1234 1393 1298 1425 Die
1315 1399 1427 1426 autem
1444 1394 1515 1432 illo,
1532 1394 1589 1436 qui
1606 1394 1730 1426 festum
1748 1394 1904 1426 eiusdem
1927 1393 2138 1435 predicande

315 1445 460 1488 virginis
481 1445 629 1487 preibat,
651 1446 699 1477 ita
721 1446 813 1487 apud
838 1446 903 1477 iam
927 1456 1008 1487 sepe
1034 1447 1161 1478 dictum
1186 1447 1380 1488 principem
1402 1458 1464 1488 pro
1488 1447 1703 1480 absolutione
1728 1447 1920 1480 vinctorum
1945 1447 2011 1478 fuit
2034 1457 2138 1478 occu-

314 1505 423 1541 patus,
446 1504 483 1530 ut
506 1499 550 1530 ad
575 1498 697 1530 cellam
722 1498 785 1529 nisi
806 1499 1086 1531 incumbentibus
1111 1499 1177 1530 iam
1200 1500 1310 1531 noctis
1333 1500 1507 1532 tenebris⁴
1529 1501 1643 1532 redire
1668 1501 1862 1532 nullatenus
1878 1499 2024 1531 va'leret.
2070 1499 2138 1531 Pe-

314 1552 417 1583 ractis
442 1563 524 1595 ergo
547 1552 696 1594 negotiis
721 1558 754 1583 et
779 1561 874 1583 more
897 1562 958 1584 suo
983 1553 1181 1584 carceribus
1205 1553 1416 1595 depredatis,
1440 1564 1516 1585 cum
1542 1559 1638 1586 extra
1662 1554 1783 1585 cellam
1807 1563 1945 1585 manere
1962 1552 2137 1590 noluisset,

313 1605 359 1636 ad
381 1606 497 1636 lumen
522 1605 615 1636 cerei
638 1605 858 1647 sequentibus
881 1605 1046 1637 fratribus
1069 1606 1134 1637 iter
1159 1606 1313 1648 arripuit,
1338 1613 1372 1638 et
1394 1607 1521 1638 reverti
1546 1606 1590 1638 ad
1613 1607 1857 1639 monasterium
1886 1606 1989 1647 cepit.
2035 1605 2136 1637 Tunc

314 1659 414 1690 horta
437 1663 650 1699 tempestate,
673 1658 766 1689 inter
788 1658 952 1690 immensa
975 1665 1154 1691 ventorum
1179 1659 1315 1690 flamina
1340 1665 1442 1701 atque
1466 1660 1613 1702 ingentis
1637 1659 1751 1701 pluvie
1774 1659 2033 1690 inundationem
2049 1657 2060 1674 ⁵
2083 1669 2137 1689 ar—

314 1713 452 1744 dentem
475 1722 609 1744 cereum
634 1711 797 1743 detulisse
822 1712 943 1748 fertur,
967 1718 1002 1744 et
1020 1712 1069 1743 ita
1093 1713 1184 1744 sicca
1209 1712 1415 1744 vestimenta
1438 1722 1479 1744 ac
1503 1713 1529 1744 si
1553 1723 1675 1745 sereno
1699 1719 1732 1745 et
1756 1713 1941 1754 tranquillo
1966 1723 2055 1749 aere,
2079 1717 2137 1743 aut

314 1771 434 1807 operta
456 1765 593 1807 porticu
616 1765 777 1797 venisset.

1254 1881 1467 1911 arcivescovile,
1488 1881 1615 1905 oss‘rendo
1636 1889 1683 1913 per
1704 1883 1710 1905 i
1733 1882 1851 1904 restauri
1886 1880 1958 1904 della
1984 1878 2139 1904 cattedrale

1253 1930 1265 1954 ς
1286 1925 1377 1947 libbre
1397 1924 1558 1956 d’argento;
1588 1924 1696 1947 Alfano
1724 1923 1797 1947 oltre
1818 1922 1987 1946 l'esenzione
2007 1928 2138 1946 concesse

1252 1967 1341 1990 anche
1362 1968 1368 1989 i
1390 1966 1481 1996 dritti,
1502 1967 1567 1997 oggi
1589 1966 1660 1989 detti
1681 1965 1879 1997 parroechiali,
1905 1963 1967 1988 cioe
1993 1965 2037 1988 del
2059 1965 2138 1987 sonte

1252 2009 1438 2037 battesimale,
1464 2010 1492 2033 di
1518 2010 1662 2040 sepultura
1686 2017 1699 2032 e
1719 2009 1748 2032 di
1775 2008 1953 2040 processioni
1981 2007 2135 2039 (UanLm,

1254 2052 1337 2075 ltalia
1359 2052 1453 2079 Sacra,
1474 2051 1539 2075 VIII
1558 2050 1661 2082 (1721),
1676 2050 1732 2075 col.
1744 2049 1816 2081 384).
1854 2049 1961 2078 Questo
1976 2050 2136 2072 monastero

404 1877 410 1892 ⁴
432 1878 477 1904 Cf.
497 1879 522 1902 S.
543 1878 685 1909 Grumum,
705 1879 793 1908 Dial..
814 1879 833 1908 I,
854 1884 883 1909 7:
907 1880 917 1892 ‘¹
930 1880 1030 1911 Sicque
1045 1881 1073 1903 in
1089 1881 1200 1904 duobus

317 1921 487 1946 “miraculis
516 1923 635 1946 duorum
665 1924 775 1954 patrum
796 1924 837 1946 est
859 1923 979 1946 virtutes
1008 1923 1148 1952 imitatuS,
1169 1924 1198 1947 in

316 1963 414 1988 “mole
434 1964 544 1988 scilicet
564 1965 623 1988 saxi
646 1964 750 1988 factum
770 1964 913 1996 Gregorii,
933 1965 981 1995 qui
1001 1967 1125 1989 montem
1142 1973 1198 1989 mo-

317 2007 328 2018 “
342 2007 393 2036 vit,
420 2008 447 2030 in
469 2007 646 2038 reparatione
668 2015 733 2030 vero
752 2007 893 2038 lampadis
916 2009 1048 2031 virtutem
1081 2008 1198 2036 Donati,

319 2049 331 2061 ‘¹
342 2051 388 2080 qui
402 2049 521 2072 fractum
537 2050 653 2072 calicem
674 2050 812 2081 pristinae
827 2050 1021 2073 incolumitati
1036 2051 1161 2074 restituit
1174 2068 1196 2079 „.

401 2090 412 2106 ²
429 2091 455 2115 S.
477 2091 618 2119 GREGOR„
634 2092 719 2119 Dial.,
734 2091 768 2119 ΙΙ,
783 2091 812 2114 S:
830 2092 906 2115 “Vir
922 2093 974 2115 iste
989 2092 1093 2123 spiritu
1108 2093 1198 2116 iusto-

317 2133 329 2145 ’ί
342 2141 400 2156 rum
421 2134 547 2157 omnium
567 2133 667 2164 plenus
689 2134 778 2164 suit„.

401 2176 411 2192 ³
429 2175 450 2199 Il
473 2178 634 2199 monastero
655 2177 681 2199 di
703 2176 729 2200 S.
750 2176 852 2200 Nieola
873 2177 905 2200 de
925 2177 1032 2205 Palma,
1053 2184 1148 2208 presso
1168 2177 1195 2200 ln

1254 2096 1282 2118 su
1306 2095 1483 2119 consermato
1511 2094 1567 2118 alla
1596 2094 1684 2117 Badia
1713 2094 1757 2117 dai
1788 2094 1854 2125 papi
1883 2092 1996 2116 Urbano
2025 2091 2058 2120 ΙΙ,
2084 2092 2136 2115 Pa-

1251 2137 1345 2167 squsle
1364 2136 1398 2166 ΙΙ,
1419 2136 1547 2168 Eugenio
1569 2136 1607 2159 III
1633 2143 1646 2159 e
1671 2135 1846 2158 Alessandro
1866 2133 1914 2162 111,
1939 2135 1970 2157 ed
1997 2134 2064 2158 ebbe
2087 2141 2136 2166 per

1251 2178 1298 2210 piu
1319 2178 1407 2202 secoli
1427 2178 1448 2201 il
1470 2185 1519 2202 suo
1541 2178 1688 2210 preposito
1708 2184 1724 2200 a
1744 2184 1813 2208 capo
1840 2177 1867 2200 di
1889 2177 1927 2199 sei
1952 2184 1968 2199 o
1988 2177 2058 2199 sette
2078 2182 2134 2198 mo-

314 2220 395 2248 porta
422 2216 549 2250 Respizzi
579 2218 609 2242 di
637 2217 766 2248 Salerno,
795 2218 825 2241 su
845 2218 975 2242 cdificato
997 2219 1040 2242 nel
1066 2217 1128 2242 1062
1150 2219 1195 2242 dn]

313 2260 440 2283 castaldo
461 2259 534 2284 Vivo
549 2268 562 2283 e
576 2260 610 2283 da
624 2267 673 2284 san
689 2261 797 2284 Leone:
820 2261 839 2283 il
855 2262 984 2292 principe
998 2260 1112 2284 Gisulso
1128 2261 1197 2285 l'an-

314 2310 351 2326 no
370 2302 536 2334 precedente
562 2310 649 2326 aveva
669 2302 732 2326 loro
751 2302 860 2326 donato
887 2310 942 2326 una
962 2305 1036 2326 terra
1056 2311 1109 2326 con
1133 2311 1196 2327 casa

313 2344 341 2367 in
362 2346 514 2375 muratura,
533 2351 587 2368 con
607 2344 701 2376 hagno
721 2352 734 2368 e
755 2344 849 2368 diritti
881 2344 1036 2376 sull'acqua
1066 2348 1196 2376 sorgente

312 2386 357 2408 nel
377 2386 508 2409 suddetto
535 2386 628 2417 luogo.
648 2387 711 2409 beni
740 2387 921 2418 appartenuti
942 2387 968 2410 al
989 2387 1114 2410 chierico
1134 2387 1196 2411 Pie-

311 2429 357 2451 tro
371 2427 401 2451 di
414 2428 522 2452 Alsano
540 2427 583 2459 (C.
596 2430 631 2452 D.
648 2429 685 2455 C.,
700 2428 774 2457 VIII,
792 2428 868 2460 172);
883 2431 1039 2460 acquistate
1055 2431 1100 2460 poi
1123 2430 1195 2453 delle

312 2471 383 2493 terre
403 2470 476 2493 nelle
496 2471 659 2501 pertinenze
679 2470 708 2494 di
729 2469 806 2494 Cava
834 2471 854 2493 il
881 2471 1012 2494 suddetto
1038 2478 1124 2501 anno,
1151 2472 1195 2495 nel

313 2514 446 2542 seguente
467 2512 540 2535 Vivo
560 2520 574 2535 e
594 2511 714 2535 l'abbate
734 2512 759 2535 le
783 2519 972 2544 assegnarono
993 2513 1019 2536 al
1034 2515 1195 2537 monastero

312 2553 361 2576 che
381 2555 559 2577 costruirono
579 2563 594 2577 a
615 2562 680 2578 novo
692 2554 854 2586 fundamine
875 2562 970 2586 presso
990 2554 1015 2577 le
1032 2561 1093 2578 case
1112 2556 1196 2578 avute

311 2594 357 2617 dal
374 2596 502 2626 principe
517 2593 558 2624 (C.
572 2597 606 2619 D.
622 2596 660 2625 C„
675 2596 747 2623 ibid„
762 2604 787 2627 p.
800 2595 870 2627 203).
907 2595 930 2619 Il
945 2596 1056 2627 piccolo
1077 2597 1195 2620 cenobio

312 2643 359 2668 per
379 2637 404 2660 le
421 2644 487 2660 cure
515 2637 557 2660 dei
589 2638 744 2667 fondatori,
773 2638 896 2668 arquisti
916 2645 929 2660 e
949 2638 1119 2668 donazioni,
1137 2645 1193 2661 cre⁴

312 2679 404 2702 sciuto
425 2679 454 2702 in
476 2680 660 2710 importanza,
680 2679 710 2703 {u
730 2680 880 2703 costituito
902 2681 929 2703 ln
945 2680 1123 2711 prepositura
1137 2688 1150 2703 e
1167 2681 1194 2703 in

311 2721 436 2749 abbazia,
455 2720 569 2751 giacche
582 2722 714 2750 talvolta,
734 2723 859 2753 gennaio
877 2728 942 2753 1070
961 2722 1006 2751 (A.
1022 2721 1063 2750 C.,
1083 2722 1129 2750 XI,
1150 2719 1195 2753 82)

312 2770 325 2785 e
344 2764 456 2794 maggio
479 2768 543 2793 1075
565 2763 609 2793 (A.
625 2763 664 2792 C.,
685 2763 756 2793 XIII,
783 2763 832 2794 15),
854 2771 902 2787 san
917 2763 1011 2787 Leone
1031 2765 1054 2787 si
1076 2765 1194 2788 intitola

310 2804 417 2828 “abbas
438 2807 674 2829 monasteriorum
706 2814 724 2830 s.
753 2808 781 2829 et
808 2806 957 2829 individue
984 2806 1140 2830 Trinitatis
1167 2807 1194 2829 et

311 2846 323 2860 ‘¹
336 2854 355 2870 s.
379 2847 492 2870 Nicolai
520 2847 552 2871 de
578 2847 677 2871 Palma
689 2856 716 2877 „:
746 2848 790 2871 nel
819 2854 880 2879 1071
910 2849 957 2879 poi
986 2849 1005 2871 il
1026 2848 1154 2872 castaldo
1181 2856 1193 2871 e

251 2894 263 2911 2
310 2888 429 2912 l‘abbate
448 2888 661 2913 domandarono
694 2890 928 2913 all’arcivescovo
954 2890 1062 2913 Alsano
1082 2890 1103 2913 il
1124 2890 1194 2913 rico-

309 2932 485 2954 noscimento
506 2931 581 2955 della
601 2929 749 2964 proprieta
768 2938 783 2954 e
806 2931 978 2955 l'esenzione
1003 2931 1079 2955 dalla
1107 2931 1193 2955 Curia

1251 2221 1322 2244 naci.
1360 2220 1412 2243 Nel
1436 2220 1500 2251 1284
1520 2227 1535 2243 a
1556 2220 1702 2251 preghiera
1723 2219 1766 2242 del
1787 2218 1930 2242 cardinale
1950 2217 2066 2249 Legata,
2080 2216 2134 2241 Ge·

1250 2263 1333 2287 rardo
1355 2269 1477 2286 vescovo
1497 2263 1525 2286 di
1545 2261 1659 2292 Sabina,
1681 2262 1710 2285 fu
1729 2260 1899 2285 (lall‘abbate
1920 2261 2014 2284 Leone
2028 2259 2053 2283 II
2067 2260 2134 2283 dato

1251 2306 1279 2328 in
1299 2313 1350 2329 uso
1370 2312 1418 2337 per
1437 2305 1519 2329 alcun
1540 2306 1635 2335 tempo
1649 2310 1664 2327 a
1678 2303 1777 2331 Perna,
1791 2303 1943 2326 abbadessa
1964 2303 1991 2325 di
2007 2301 2032 2325 S.
2046 2301 2134 2325 Paolo

1249 2349 1278 2372 in
1299 2347 1412 2374 Sabina,
1433 2347 1492 2376 che,
1512 2353 1566 2370 con
1586 2346 1658 2369 altre
1677 2347 1740 2369 otto
1761 2345 1897 2368 monache
1917 2351 2005 2368 aveva
2025 2344 2133 2368 dovuto

1250 2390 1367 2414 lasciare
1388 2390 1407 2413 il
1429 2396 1479 2412 suo
1500 2390 1658 2412 monastero
1675 2396 1689 2412 a
1710 2394 1793 2411 causa
1813 2386 1885 2410 delle
1903 2394 2016 2418 guerre3
2031 2393 2089 2410 esse
2105 2386 2133 2410 vi

1249 2433 1401 2455 entrarono
1429 2431 1448 2454 il
1469 2429 1502 2454 26
1529 2430 1678 2454 novembre
1702 2436 1717 2452 e
1743 2428 1875 2452 nell'atto
1904 2428 1933 2452 di
1960 2435 2101 2459 eonsegna
2119 2426 2133 2452 ὲ

1247 2474 1383 2498 descritta
1394 2473 1421 2496 la
1433 2473 1525 2496 chiesa
1536 2472 1570 2496 ed
1585 2472 1594 2495 i
1609 2473 1671 2495 suoi
1693 2471 1786 2495 arredi
1800 2470 1845 2502 (A.
1861 2470 1902 2499 C.‚
1914 2469 2012 2498 LVIII,
2027 2477 2054 2493 n.
2068 2467 2133 2501 62);

1249 2516 1293 2539 nel
1314 2515 1408 2539 secolo
1428 2514 1492 2538 XIV
1514 2515 1542 2538 fu
1563 2514 1662 2537 ceduto
1684 2514 1711 2537 ai
1730 2513 1926 2543 Francescani,
1943 2512 1992 2536 che
2006 2513 2034 2535 vi
2049 2513 2131 2535 rima-

1247 2565 1309 2581 sero
1328 2557 1384 2580 tino
1405 2557 1430 2580 al
1454 2555 1528 2580 1808.
1567 2555 1745 2579 Gioacehino
1760 2554 1857 2578 Murat
1869 2554 1913 2578 nel
1931 2553 1997 2578 1812
2016 2551 2129 2577 destino

1248 2600 1273 2623 S.
1294 2599 1395 2623 Nicola
1416 2606 1429 2622 a
1450 2598 1561 2629 ospizio
1583 2605 1630 2630 per
1650 2599 1657 2620 i
1678 2598 1788 2629 poveri,
1808 2594 1856 2628 piii
1876 2596 1950 2620 tardi
1966 2595 2039 2620 servi
2055 2603 2131 2619 come

1249 2640 1445 2668 orfanotrotio,
1463 2647 1477 2663 e
1497 2640 1553 2664 tale
1575 2640 1596 2662 si
1618 2646 1754 2663 conserva
1775 2639 1801 2663 al
1822 2639 1950 2670 presente
1968 2636 2017 2668 (cf.
2036 2637 2131 2661 SINNo

1248 2682 1292 2711 A„
1317 2682 1428 2706 V'icende
1447 2682 1491 2705 dei
1511 2681 1682 2705 Benedettim‘
1693 2681 1723 2704 di
1736 2681 1763 2705 S.
1779 2680 1906 2704 Massimo
1919 2680 1945 2703 in
1967 2679 2087 2706 Salerno,
2100 2678 2129 2701 in

1249 2723 1349 2747 Arch.
1369 2722 1460 2746 Stor.
1480 2722 1577 2746 delia
1597 2722 1699 2746 Prov.
1726 2722 1759 2745 di
1787 2721 1951 2748 Salerno,
1977 2719 2064 2743 Anno
2082 2718 2130 2747 1v,

1248 2772 1273 2795 p.
1289 2770 1318 2796 71
1332 2772 1346 2788 e
1360 2765 1403 2787 DE
1425 2765 1554 2788 Aru-esus
1566 2763 1612 2794 M.‚
1628 2764 1668 2787 La
1683 2767 1766 2793 porta
1782 2763 1864 2786 Elina
1875 2762 2038 2791 diSalerno,
2058 2760 2131 2788 ibid.,

1250 2814 1275 2837 p.
1299 2806 1367 2837 130).

1336 2846 1347 2862 ⁴
1366 2848 1392 2872 S.
1413 2848 1561 2872 Gnssoonu
1582 2848 1667 2875 Dial..
1686 2847 1720 2875 ΙΙ,
1736 2853 1781 2878 23:
1803 2845 2055 2870 “incumbentibus
2075 2844 2129 2868 iam

1251 2888 1263 2901 ‘¹
1274 2890 1367 2913 noct1s
1387 2890 1511 2913 tenebris
1523 2908 1548 2921 ‚,.

1335 2930 1345 2945 ⁵
1366 2932 1445 2961 Iulo„
1466 2931 1617 2963 “Ingentis
1630 2931 1744 2964 pluviae
1755 2930 1974 2955 inundationem
1996 2929 2093 2953 videns
2107 2944 2131 2958 ‚,.

2195 497 2213 527 5

2174 760 2212 792 10

2171 1024 2207 1055 15

2163 1288 2205 1318 20

2161 1553 2200 1584 25

2165 2010 2199 2035 30

2163 2220 2195 2247 35

2162 2431 2196 2455 4⁰

2160 2641 2191 2667 45

2161 2848 2193 2874 50
