2300 3554
380 191 544 228 VITAE
572 191 834 232 QUATUOR
863 191 1099 228 PRIORUM
1130 192 1389 228 ABBATUM
1417 194 1725 230 CAVENSIUM
1913 196 1959 230 33

141 323 213 355 luto
236 323 460 365 precipiebat,
484 329 520 356 ut
542 323 616 355 sine
641 323 861 355 cunctatione
885 333 1005 356 navem
1028 323 1186 361 solveret,
1210 325 1254 356 ad
1279 324 1518 357 monasterium
1539 326 1678 364 rediret,
1695 326 1775 368 quia
1792 327 1959 369 impedire

142 387 220 408 eum
243 376 354 408 nullus
378 376 553 419 potuisset.
601 375 776 419 Evigilans
799 382 912 408 autem
939 377 1125 408 monachus
1150 376 1192 409 de
1217 378 1323 418 patris
1347 378 1521 419 presentia
1552 388 1701 416 securus,
1735 379 1814 411 licet
1839 390 1959 421 magne

143 429 328 466 videretur,
346 429 440 472 quod
462 428 661 471 temptabat,
683 428 831 466 audatie,
856 439 974 460 navem
998 428 1127 466 solvit,'
1151 436 1253 472 atque
1270 430 1303 461 in
1322 440 1361 461 ea
1378 441 1413 462 se
1438 441 1512 461 cum
1532 432 1640 463 nautis
1665 433 1804 474 recepit.
1849 432 1961 470 Quem

142 483 299 524 profecto
322 492 440 514 ausum
458 491 520 524 pro
543 481 641 514 solita
664 481 803 513 feritate
827 481 963 513 barbari
988 482 1078 524 regis
1102 483 1186 513 mira
1210 483 1402 524 benignitas
1426 483 1607 515 subsecuta
1631 491 1690 516 est.
1730 485 1814 517 Nam
1839 494 1873 518 ut
1896 487 1962 519 Ca-

99 535 117 568 5
143 546 279 568 vensem
304 546 425 568 navem
449 536 591 568 solutam
615 535 758 575 audivit,
783 535 951 577 patienter
985 535 1071 573 tulit,
1103 535 1215 567 ablata
1238 535 1402 568 carbasa·
1429 543 1460 568 et
1484 538 1594 569 omnin
1618 538 1646 569 ei
1672 546 1878 571 armamenta
1909 551 1960 571 ro-

141 589 260 626 stituit,
283 594 385 632 atque
402 588 447 620 ad
471 587 613 631 propria
635 587 803 620 redeundi
828 587 972 619 liberam
996 588 1194 620 facultatem
1218 589 1324 620 dedit.
1370 589 1497 632 Sicque
1522 597 1638 623 sancto
1665 592 1736 623 viro
1760 602 1877 633 purum
1898 594 1959 625 fuit

140 653 261 675 navem
285 642 433 685 eripere,
457 641 522 674 nisi
544 641 663 674 maiori
686 641 810 673 virtute
829 640 1048 673 barbarorum
1065 641 1170 673 corda
1186 648 1355 674 mutasset.
1401 643 1503 674 Circa
1521 643 1618 675 finem
1638 655 1717 676 vero
1734 646 1846 686 operis
1864 645 1961 678 huius

141 695 226 728 illud
248 696 350 728 etiam
374 694 632 728 memorandum
655 701 748 736 puto,
772 695 865 737 quod
889 695 923 726 in
947 695 1069 727 eadem
1093 695 1147 726 via
1171 695 1283 734 maris,
1300 705 1376 726 cum
1392 696 1435 727 ad
1460 695 1611 729 Africam
1638 699 1825 741 navigaret,
1843 699 1962 731 Petrus

140 750 329 782 monachus
362 749 427 782 sibi
463 748 631 781 accidisse
662 754 815 781 testatur.
861 746 918 779 Ait
949 748 1050 785 enim,
1081 747 1174 790 quod
1204 748 1239 779 in
1263 758 1386 789 magno
1416 748 1487 781 sole
1520 750 1647 787 estatis,
1677 751 1858 783 homnibus
1889 753 1960 793 (sic)

80 802 118 834 10
141 801 395 846 quiescentibus
417 802 537 842 ventis,
560 801 607 834 ita
630 801 697 833 alto
720 801 844 844 pelago
869 800 1115 842 deprehensus'
1139 811 1215 832 cum
1239 801 1377 843 navigio
1401 802 1524 840 fuerat,
1540 809 1658 835 utnon
1675 805 1784 836 minus
1803 806 1960 847 perlabo-

141 856 267 889 riosum
290 862 427 898 putaret
448 856 498 888 sic
522 855 655 894 torreri,
677 865 776 897 quam
801 860 1001 896 tempestate
1025 853 1252 886 circumferri.
1298 854 1398 887 Tunc
1423 867 1552 889 memor
1582 858 1672 889 illius
1702 859 1867 897 miraculi,
1891 870 1959 902 quo

140 911 190 942 vir
214 911 278 943 Dei
302 909 509 944 Constabilis
531 909 727 942 monasterii
751 919 871 940 navem
894 908 1075 950 eripuerat,
1099 908 1171 939 eius
1196 908 1324 940 meritis
1347 909 1504 941 navicule
1528 920 1586 941 sue
1603 921 1717 942 auram
1742 912 1876 944 infundi
1902 923 1963 954 po-

139 964 287 1002 stulavit,
311 973 378 1006 que
406 967 440 995 et
463 962 546 996 solis
569 963 741 994 fervorem
765 961 944 1004 mitigaret,
968 967 1002 993 et
1026 961 1069 993 ad
1093 961 1326 994 desideratum
1350 968 1484 1003 portum
1511 964 1728 1005 perduceret.
1774 964 1878 997 Cuius
1909 966 1960 996 ni-

139 1017 259 1049 mirum
285 1017 388 1050 verba
411 1015 523 1058 precis
546 1015 632 1047 mira
654 1015 760 1047 virtus
783 1014 893 1057 rogati
918 1014 1023 1056 patris
1046 1020 1163 1046 secuta
1185 1021 1245 1046 est.
1292 1015 1378 1047 Nam
1403 1017 1514 1047 statim
1531 1017 1645 1047 suavis
1662 1028 1742 1049 auru
1759 1019 1839 1050 flare
1857 1019 1960 1060 cepit,

78 1069 207 1113 15,que
230 1069 386 1102 eamdem
408 1078 530 1101 navem
553 1077 631 1100 cum
647 1067 722 1099 aliis
746 1067 901 1109 pluribus
918 1078 1024 1110 usque
1049 1067 1093 1099 ad
1117 1067 1236 1099 Africe
1257 1073 1390 1110 portum
1414 1069 1519 1101 duxit.
1565 1070 1719 1112 Cumque
1744 1082 1786 1103 ex
1810 1071 1876 1103 illis
1900 1082 1958 1103 na-

140 1123 237 1156 vibus
259 1123 403 1156 transire
427 1123 539 1155 locum
564 1122 630 1153 alie
662 1127 838 1163 cuperent,
869 1127 970 1163 atque
994 1122 1039 1153 ad
1063 1121 1196 1153 Italiam
1227 1122 1402 1164 navigare,
1425 1134 1508 1154 aura
1530 1123 1589 1155 illa
1612 1126 1766 1165 protinus
1789 1125 1891 1163 siluit,
1924 1131 1958 1157 ut

139 1182 256 1219 aperte
282 1181 506 1219 cognosceret
529 1174 727 1212 monachus,
752 1175 832 1216 quia
856 1174 919 1205 viri
941 1174 1005 1206 Dei
1030 1173 1168 1206 me'ritis
1191 1175 1269 1206 navi
1293 1185 1352 1207 sue
1375 1187 1455 1207 aura
1479 1176 1539 1208 illa
1568 1177 1732 1216 influeret,
1756 1189 1855 1220 quam
1881 1185 1957 1220 post

138 1229 228 1261 illius
251 1235 385 1272 portum
408 1227 535 1260 habere
558 1238 664 1259 naves
687 1227 820 1269 relique
846 1227 1091 1269 nequivissent.

224 1282 314 1314 Illud
336 1291 471 1325 quoque
494 1280 662 1312 silendum
687 1290 753 1312 non
771 1281 927 1318 arbitror,
944 1281 1035 1323 quod
1059 1281 1171 1312 eidem
1188 1281 1351 1315 miraculo
1374 1282 1465 1315 idem
1482 1284 1670 1316 monachus
1694 1285 1822 1317 addere
1838 1286 1958 1318 solitus

72 1337 115 1368 20
139 1341 199 1368 est.
222 1334 281 1368 Ait
304 1335 407 1372 enim,
430 1334 510 1378 quia
531 1334 567 1365 in
588 1334 709 1366 eodem
735 1334 858 1365 itinere
882 1334 966 1365 duas
996 1333 1183 1375 piratarum
1216 1345 1320 1367 naves
1349 1335 1570 1378 offenderint,
1602 1337 1657 1379 qui
1683 1339 1790 1379 primo
1815 1339 1956 1380 impetu·

137 1395 258 1421 contra
281 1398 403 1420 navem
427 1387 624 1420 monasterii
656 1387 839 1419 concitatis
870 1386 1077 1429 equoribus²
1109 1387 1296 1426 venientes,
1320 1388 1378 1420 ubi
1409 1400 1527 1431 parum
1559 1399 1810 1432 processerunt,
1834 1393 1955 1424 eadem

138 1442 367 1480 festinatione,
389 1452 457 1484 qua
479 1441 608 1473 irruere
641 1445 817 1482 ceperant,
846 1446 938 1472 retro
971 1441 1142 1482 sugerunt.
1189 1441 1241 1472 Ex
1272 1441 1394 1483 quibus
1429 1444 1587 1484 profecto
1624 1444 1740 1485 piratis
1771 1446 1953 1487 quemdam

138 1501 257 1537 postea
279 1495 369 1527 idem
393 1495 500 1526 frater
522 1493 661 1537 agnovit
674 1492 697 1532 ³,
720 1504 739 1524 a
763 1503 831 1536 quo
855 1494 956 1524 etiam
982 1504 1058 1525 cum
1083 1499 1253 1535 quereret,
1277 1505 1344 1536 qua
1376 1505 1478 1527 causa
1509 1498 1677 1530 redissent
1704 1499 1764 1530 illo
1788 1499 1856 1536 die,
1881 1510 1956 1531 cum

137 1548 333 1580 monasterii
354 1547 549 1580 naviculam
574 1556 699 1588 capere
722 1546 827 1578 facile
851 1547 1052 1588 potuissent,
1077 1547 1280 1588 respondit‚'
1305 1547 1445 1580 dicens:
1474 1550 1544 1582 Nos
1561 1561 1629 1582 non
1647 1551 1692 1582 ita
1709 1561 1768 1583 vos
1785 1553 1930 1584 vidimus
1945 1553 1955 1568 ⁴

73 1601 115 1632 25
137 1601 199 1634 sed
221 1601 307 1633 tanti
331 1611 372 1633 ac
394 1601 481 1633 tales
504 1610 524 1631 a
548 1599 648 1632 nobis
669 1600 731 1632 visi
755 1601 846 1636 estis,
870 1606 907 1631 ut
928 1599 956 1631 si
979 1601 1232 1641 accederemus,
1257 1601 1396 1633 dubium
1422 1613 1487 1634 non
1513 1610 1612 1641 esset,
1637 1605 1730 1646 quod
1746 1605 1860 1637 redire
1884 1606 1956 1637 sine

137 1653 270 1697 ingenti
293 1653 378 1686 cede
400 1653 537 1686 minime
560 1653 692 1685 liceret.
738 1652 844 1691 Quod
878 1652 1035 1684 nimirum
1060 1652 1123 1684 viri
1147 1653 1212 1685 Dei
1243 1653 1449 1687 Constabilis
1480 1657 1608 1689 meritis
1638 1664 1750 1688 actum
1782 1668 1854 1689 esse
1882 1659 1957 1700 quis

137 1706 283 1745 dubitet,
305 1712 342 1739 ut
365 1706 489 1739 celitus
513 1711 734 1743 terrerentur,
760 1716 802 1737 ne
825 1715 1000 1737 servorum
1023 1705 1088 1737 Dei
1111 1713 1264 1748 sumptus
1287 1707 1502 1745 invaderent,
1525 1709 1551 1740 si
1569 1710 1664 1741 navis
1681 1710 1810 1742 enticas
1822 1710 1844 1749 ⁵,
1861 1721 1958 1752 rape-

137 1766 224 1798 rent,
246 1770 348 1802 quem
370 1759 523 1802 presidia
546 1759 720 1792 hominum
737 1769 806 1790 non
823 1764 982 1790 tutarent.
1027 1758 1102 1791 Nec
1120 1760 1187 1792 hoc
1204 1770 1338 1802 quoque
1355 1761 1487 1793 silentio
1505 1762 1769 1803 pretereundum
1788 1770 1849 1802 est,
1865 1763 1957 1805 quod

138 1813 276 1856 quidam
300 1813 407 1845 frater
430 1812 552 1844 Petrus
574 1813 617 1844 de
641 1811 745 1850 Arce,
770 1822 847 1844 cum
871 1812 1022 1844 sacristie
1037 1811 1185 1844 officium
1208 1820 1355 1855 gereret,
1372 1820 1405 1845 et
1422 1814 1538 1846 funem
1554 1816 1701 1848 fractum
1720 1815 1822 1848 vellet
1840 1817 1957 1859 ligare,

72 1867 114 1898 30
137 1865 196 1898 ubi
221 1866 362 1898 lucerne
385 1872 464 1898 ante
488 1875 626 1897 crucem
649 1865 760 1897 solent
783 1865 918 1903 ardere,
937 1865 1051 1906 posuit
1073 1865 1201 1897 scalam
1225 1871 1259 1897 et
1283 1875 1360 1898 cum
1385 1874 1474 1899 esset
1498 1867 1532 1898 in
1564 1869 1755 1900 summitate
1779 1869 1870 1901 scale
1899 1879 1955 1900 ce-

136 1918 231 1957 cidit,
244 1919 306 1952 sed
322 1929 399 1952 cum
416 1919 567 1956 caderet,
584 1918 765 1955 clamabat,
789 1918 926 1950 dicens:
945 1918 1073 1951 Sancte
1089 1918 1310 1956 Constabilis,
1328 1919 1451 1951 adiuva
1467 1931 1529 1953 me.
1540 1923 1547 1935 '
1572 1921 1701 1964 Sicque
1719 1922 1847 1953 meritis
1863 1921 1956 1954 beati

136 1972 200 2004 viri
224 1972 267 2004 de
290 1961 385 2006 t'anto
407 1971 593 2014 precipitio
617 1971 745 2003 cadens
767 1971 893 2003 nullam
916 1971 951 2003 in
967 1982 1028 2004 sno
1052 1981 1195 2013 corpore
1219 1983 1338 2014 passus
1362 1979 1412 2005 est
1437 1973 1609 2006 lesionem.

224 2026 320 2065 Item,
342 2035 419 2058 cum
443 2025 542 2058 beate
568 2023 815 2056 recordationis
838 2023 1016 2062 Arborius‚
1040 2024 1138 2056 huius
1161 2025 1358 2057 monasterii
1390 2026 1484 2067 prior
1507 2027 1713 2059 venerabilis
1724 2027 1746 2062 ⁸,
1768 2028 1884 2060 iacens
1915 2029 1950 2059 in

136 2079 238 2111 domo
261 2079 469 2111 infirmorum
493 2078 736 2110 instantissime
758 2084 793 2110 et
815 2078 890 2109 sine
913 2077 1166 2110 intermissione
1195 2078 1316 2110 dolore
1340 2079 1456 2111 lateris
1479 2081 1700 2118 cruciaretur,
1725 2090 1789 2112 nec
1813 2081 1956 2113 alicuius

71 2130 112 2164 35
136 2132 279 2183 consilii,
300 2132 356 2165 vel
378 2142 439 2164 sue
454 2132 572 2164 salutis
595 2131 786 2164 remedium
808 2131 965 2162 invenire
987 2131 1165 2173 potuisset,
1189 2132 1235 2163 ad
1260 2132 1348 2164 beati
1378 2132 1442 2164 viri
1467 2133 1683 2175 sepulchrum
1712 2144 1748 2166 se
1780 2134 1956 2176 deportari

134 2184 232 2223 fecit,
255 2191 289 2217 et
313 2196 390 2218 cum
413 2185 658 2227 aliquantisper
681 2184 729 2216 ibi
746 2190 886 2221 orasset,
911 2183 1039 2216 meritis
1062 2183 1155 2216 beati
1178 2184 1241 2216 viri
1265 2185 1365 2217 dolor
1390 2185 1502 2217 lateris
1525 2187 1686 2218 continuo
1710 2187 1752 2219 ab
1770 2197 1810 2219 eo
1828 2188 1958 2219 disces-

136 2237 190 2277 sit,
214 2247 254 2270 ac
277 2239 306 2270 si
326 2239 440 2280 ipsum
463 2237 618 2279 prefatus
641 2237 741 2270 dolor
764 2237 958 2269 nullatenus
981 2237 1160 2279 tetigisset.

220 2289 319 2323 Alius
341 2301 479 2334 quoque
504 2291 622 2326 frater,
647 2300 723 2322 cum
748 2296 931 2332 quartanas
955 2290 1071 2322 febres
1094 2296 1278 2331 pateretur,
1295 2301 1360 2322 nec
1377 2291 1447 2323 ullo
1465 2291 1566 2324 modo
1583 2292 1696 2334 aliquo
1714 2293 1857 2324 consilio
1876 2292 1957 2325 libe-

133 2343 202 2376 rari
224 2350 348 2386 posset,
363 2344 426 2376 ad'
450 2343 544 2376 beati
567 2343 631 2375 viri
653 2342 818 2375 tumulum
847 2343 981 2374 devotis
1012 2343 1176 2384 precibus
1207 2343 1365 2381 accessit,
1389 2350 1422 2376 et
1445 2344 1565 2386 paucis
1595 2344 1716 2377 diebus
1746 2345 1954 2387 interpositis

71 2397 112 2428 40
135 2395 226 2429 beati
250 2396 314 2429 viri
338 2396 469 2429 meritis
485 2396 650 2428 liberatus
677 2401 740 2428 est.

221 2447 376 2482 Candela
398 2459 546 2493 quoque,
570 2459 637 2491 que
661 2454 739 2480 ante
765 2458 906 2481 crucem
929 2454 963 2480 et
986 2448 1218 2480 venerabilem
1240 2449 1316 2489 (sic)
1341 2448 1432 2481 beati
1455 2449 1518 2481 viri
1541 2459 1666 2492 corpus
1697 2451 1822 2483 cotidie
1848 2452 1956 2489 ardet,

137 2502 180 2534 de
201 2512 331 2535 summo
355 2502 494 2541 cecidit,
517 2512 582 2534 nec
605 2502 730 2534 vitrum
753 2501 883 2533 factum
907 2507 968 2540 est,
992 2511 1057 2533 nec
1081 2501 1193 2533 oleum
1218 2501 1393 2534 diffusum.

223 2674 232 2691 ¹
251 2665 272 2699 ὲ
291 2675 326 2700 da
340 2676 449 2700 notarsl
468 2676 539 2700 l’uso
552 2676 582 2700 di
595 2677 716 2707 carbasa,
732 2677 855 2709 poetico,
875 2676 974 2700 invece
986 2676 1014 2699 di
1073 2675 1197 2700 vidimus.

135 2719 231 2742 velum.
257 2717 302 2742 Cf.
320 2717 453 2748 Venerit„
472 2718 594 2748 Aeneia„
614 2718 662 2748 111,
681 2724 746 2750 357;
766 2718 814 2748 1v,
834 2724 899 2749 417;
919 2716 1017 2746 Ovrn„
1161 2715 1171 2732 ⁵
1184 2717 1363 2747 Ent=·ca,cioe
1374 2718 1513 2749 deposito,
1529 2719 1578 2750 qui
1592 2722 1632 2743 sta
1647 2719 1691 2752 pel
1708 2721 1864 2744 contenuto
1880 2721 1953 2744 nella

135 2759 235 2790 Epist„
251 2759 312 2789 vn,
332 2766 400 2791 1713
422 2760 608 2791 Mantuam»,
628 2759 702 2791 XIII,
722 2759 781 2791 418.
1074 2760 1148 2783 stiva
1168 2759 1242 2784 della
1262 2767 1342 2784 nave.

226 2799 237 2816 2
255 2800 352 2832 Ovum,
373 2802 486 2826 Heraia.
496 2801 558 2831 VII,
572 2809 618 2833 42:
635 2801 781 2826 “Concita
803 2802 894 2826 ventis
912 2809 1015 2833 aequo·
1160 2799 1171 2816 ⁶
1184 2801 1308 2826 Arborio
1323 2803 1371 2826 che
1381 2809 1435 2826 con
1448 2801 1593 2826 Giovanni
1609 2803 1637 2827 di
1652 2804 1741 2828 Roma
1753 2804 1789 2835 (v.
1801 2811 1827 2835 p.
1842 2803 1882 2835 28,
1898 2804 1916 2829 l.
1927 2804 1955 2835 3)

93 2847 108 2873 5
137 2843 191 2868 “ra
210 2844 330 2868 mulcere
341 2861 365 2874 n·
1073 2843 1265 2876 accompagn&
1286 2845 1348 2876 Ugo
1367 2851 1382 2867 a
1405 2844 1514 2868 Venosa
1528 2846 1600 2868 dove
1615 2845 1642 2868 fu
1658 2846 1762 2877 priore,
1783 2846 1827 2869 nel
1850 2852 1913 2877 1133
1930 2846 1954 2869 si.

223 2883 235 2900 ³
252 2884 366 2909 Sembra
384 2885 420 2910 da
438 2888 536 2917 questo
557 2888 690 2911 racconto
705 2887 754 2911 che
769 2886 795 2910 la
809 2887 946 2918 pirateria
960 2893 1017 2910 non
1073 2887 1155 2910 trova
1170 2886 1215 2910 nel
1235 2888 1395 2910 monastero
1416 2887 1444 2910 di
1458 2886 1484 2910 S.
1498 2887 1660 2918 Arcangelo
1675 2887 1719 2911 del
1736 2887 1850 2912 Cilento
1870 2889 1955 2911 assie-

135 2926 160 2950 si
179 2933 272 2951 usasse
287 2926 352 2951 solo
371 2927 417 2952 dai
436 2927 578 2958 Saraceni,
596 2935 641 2952 ma
660 2928 747 2952 anche
767 2927 803 2952 da
823 2928 965 2952 cristiani.
1074 2935 1115 2952 me
1129 2928 1187 2960 agli
1207 2928 1275 2952 altri
1294 2929 1354 2952 boni
1371 2929 1488 2952 seniores
1507 2929 1553 2960 (A.
1568 2928 1609 2958 C.,
1622 2929 1722 2958 xxm,
1735 2928 1792 2962 46),
1805 2936 1820 2953 e
1838 2929 1954 2954 dovette

187 2968 191 2971 '
222 2966 232 2981 ⁴
248 2968 302 2994 Nel
321 2970 507 2993 manoscritto
525 2967 540 2993 e
559 2970 686 2998 audimus,
714 2977 759 2994 ma
784 2970 878 2994 devesi
906 2969 1019 3002 leggere
1073 2971 1176 2994 morire
1198 2977 1213 2994 a
1231 2969 1344 2994 Venosa
1363 2969 1440 3003 dopo
1459 2977 1532 3003 poco
1550 2972 1655 3003 tempo.

268 3080 301 3106 T.
319 3081 366 3112 VI,
389 3090 414 3114 p.
435 3089 451 3106 v
472 3096 504 3100 —
523 3091 547 3116 3.

2051 451 2068 464 t.
2087 452 2129 469 ην

2050 823 2128 842 0119

2034 1404 2113 1429 Mun..
2127 1410 2163 1428 ²3⁴

2031 1939 2050 1952 ι.
2066 1938 2112 1957 31³1

2044 2361 2063 2376 G.
2078 2362 2126 2380 311!

1984 2727 2017 2745 10

1986 2938 2015 2963 15
