2280 3476
124 304 142 318 θ.
158 304 208 321 191!

103 410 176 433 Mum,
193 416 229 429 222

125 675 143 690 ε.
158 675 207 688 :oy

119 1424 137 1440 C,
153 1424 199 1438 1011

226 2402 257 2419 10

225 2610 254 2634 15

219 2821 253 2839 20

534 162 697 198 VITAE
724 162 986 202 QUATUOR
1014 163 1254 199 PRIORUM
1284 164 1545 201 ABBATUM
1575 165 1886 203 CAVENSIUM

296 294 475 326 Extinctus
499 294 636 337 quidem
661 304 745 336 puer
767 296 931 327 innocens
955 296 1127 338 paradyso
1150 300 1307 337 receptus
1330 301 1392 333 est,
1423 296 1485 328 sed
1508 303 1704 338 peremptus
1736 297 1944 340 com'punxit
1975 305 2115 340 patrem.

296 348 384 378 Nam
402 347 493 379 idern
518 348 689 391 Rogerius
712 348 777 379 hiis
800 354 834 379 et
856 348 1050 379 huiusmodi
1073 348 1186 391 plagis
1208 358 1290 390 sepe
1313 359 1503 389 percussus,
1527 349 1667 381 tandem
1693 350 1836 391 resipuit
1851 356 1886 381 et
1901 350 1934 381 in
1952 351 2017 383 fine
2034 362 2116 384 con-

296 411 423 438 versuS,
445 401 481 432 in
505 402 713 434 monasterio
737 401 889 433 habitum
913 401 1092 443 religionis
1115 401 1253 443 accepit
1267 401 1288 432 ¹.
1334 402 1399 434 Cui
1415 408 1530 434 tamen
1546 402 1678 434 adhuc'
1696 403 1837 435 sevienti
1863 414 1929 435 non
1946 414 2013 436 uno
2029 416 2117 437 sem-

295 463 357 495 per
379 454 479 485 modo
503 454 637 486 restitit.
686 454 773 485 Nam
797 465 874 485 eum
898 454 1106 496 quandoque
1123 453 1313 485 terroribus
1328 454 1484 496 impetiit,
1501 455 1707 498 quandoque
1721 455 1910 488 humilitate
1934 457 2117 498 superavit.

384 505 514 549 Agrum
536 517 681 550 namque
703 507 898 539 monasterii
921 507 1102 548 quemdam
1125 506 1263 538 uberem
1288 508 1523 549 concupierat,
1555 513 1656 550 atque
1687 508 1755 539 suis
1785 508 1902 541 usibus
1931 510 2116 542 vendicare

296 558 508 600 disponebat.
554 560 709 602 Cumque
732 560 774 592 ab
797 560 951 591 eiusdem
975 559 1048 602 agri
1073 569 1177 601 opere
1200 560 1406 592 seminantes
1434 560 1580 592 rusticos
1603 561 1773 593 violenter
1804 562 1979 603 expellere
2009 563 2116 595 mina-

294 617 398 650 retur,
421 613 620 645 venerando
650 613 739 654 patri
771 613 932 644 innotuit.
978 612 1140 655 Sequenti
1165 623 1248 644 vero
1273 613 1331 644 die
1354 614 1400 645 ad
1432 614 1588 645 eumdem
1613 624 1730 657 agrum
1763 614 1937 656 operarios
1968 621 2115 654 secutuS,

294 665 484 708 aliquantos
508 666 632 698 fratres
655 676 769 698 secum
793 665 901 704 duxit,
926 676 1002 698 cum
1027 665 1149 708 quibus
1172 665 1318 707 psallere
1342 666 1508 698 instanter
1530 666 1649 708 cepit.'
1694 667 1756 698 Ille
1781 667 1882 698 etiam
1907 668 2017 700 minas
2038 679 2116 701 suas

293 719 461 759 pravitate
486 719 624 750 vincere
647 719 810 761 gestiens,
833 728 909 750 cum
936 724 1141 750 armatorum
1164 729 1266 749 manu
1290 719 1334 751 ad
1356 719 1470 755 locum
1491 719 1596 758 venit,
1613 720 1777 762 cogitans,
1794 720 1873 763 quia
1889 720 1917 752 is
1934 720 1991 763 qui
2007 721 2115 753 minas

291 782 368 802 suas
390 771 591 804 seminando
615 777 887 814 contempneret,
905 772 948 804 ad
965 773 1112 804 eundem
1129 782 1247 815 agrum
1264 772 1338 803 sine
1355 778 1560 804 armatorum
1577 773 1727 814 presidio
1744 783 1812 804 non
1828 774 1986 805 venisset.
2033 774 2115 815 Sed,

294 834 370 855 cum
395 825 535 866 propius
560 825 755 861 accederet,
780 831 901 856 eontra
924 835 958 856 se
983 834 1051 856 non
1076 834 1257 857 mucrones
1280 824 1420 862 ensium,
1437 825 1498 856 sed
1513 825 1640 857 missile
1665 826 1855 857 orationum
1872 825 1968 858 vidit.
2013 827 2114 859 Tunc

293 877 379 908 illud
402 888 538 909 saxeum
562 883 684 919 peetus
708 888 727 908 a
750 878 899 910 feritatis
922 888 981 910 sue
1007 878 1134 910 duritia
1158 877 1344 909 emollitum
1369 883 1430 910 est.
1476 878 1558 910 Sola
1582 879 1672 910 enim
1695 879 1873 921 religionis
1903 880 2115 922 contempla-

293 930 384 962 tione
409 937 588 972 superatus
611 942 704 962 arma
727 931 884 972 proiecit,
908 932 951 962 de
976 931 1111 963 caballo
1136 931 1327 968 descendit,
1352 936 1455 972 atque
1481 932 1524 963 ad
1548 931 1657 962 sancti
1681 932 1742 963 viri
1766 933 1911 975 vestigia
1942 933 2116 974 proiectus

290 994 350 1015 sue
374 984 575 1015 temeritatis
599 984 732 1016 veniam
756 984 954 1025 postulavit.
999 984 1104 1022 Quod
1127 984 1245 1026 utique
1269 994 1338 1016 non
1370 983 1480 1015 minus
1510 984 1663 1016 mirabile
1687 985 1764 1022 fuit,
1796 995 1897 1027 quam
1922 985 1950 1016 si
1973 986 2017 1018 ab
2042 987 2115 1018 eius

291 1047 436 1078 corpore
454 1038 567 1080 magni
583 1037 756 1080 languoris
772 1037 960 1069 molestiam
979 1038 1110 1070 orando
1127 1037 1324 1079 depulisset,
1343 1038 1422 1079 quia
1439 1038 1571 1069 cordis‘
1588 1038 1729 1069 vulnera
1747 1039 1791 1070 ad
1808 1038 1996 1070 curandum
2012 1041 2113 1072 valde

292 1096 369 1121 sunt
392 1090 594 1128 difficiliora,
619 1101 720 1132 quam
745 1091 868 1129 carnis,
890 1091 925 1122 in
951 1102 1018 1133 quo
1041 1091 1201 1122 nimirum
1227 1101 1332 1132 opere
1355 1091 1546 1132 psalmodie
1569 1090 1720 1133 dignitas
1743 1091 1936 1129 exhibetur,
1953 1102 2020 1133 que
2045 1103 2115 1124 ma-

291 1143 458 1186 lignorum
481 1144 657 1185 spirituum
683 1144 854 1176 feritatem
878 1149 1039 1186 potenter
1062 1145 1216 1186 effugare
1241 1144 1470 1186 cognoscitur.
1507 1143 1551 1175 Et
1575 1144 1654 1185 quia
1671 1144 1733 1175 hec
1750 1144 1876 1176 Cilenti
1900 1145 1993 1177 facta
2008 1146 2114 1178 fuisse

292 1197 531 1238 comperimus,
555 1197 720 1229 debemus
743 1197 820 1236 alia,
844 1207 910 1239 que
934 1197 1090 1229 similiter
1112 1197 1198 1236 illic,
1225 1202 1328 1238 prout
1351 1202 1429 1228 sunt
1452 1202 1597 1235 ostensa,
1621 1207 1772 1229 narrare.

379 1249 443 1281 Vir
465 1260 601 1292 nanque
624 1250 715 1281 idem
741 1250 948 1282 venerabilis
970 1261 1048 1282 cum
1073 1249 1238 1282 Calabros
1264 1250 1391 1281 fratres
1405 1249 1416 1267 ³
1438 1250 1544 1281 vellet
1567 1250 1726 1290 invisere,
1748 1250 1792 1283 ad
1816 1252 1997 1285 ecclesiam
2022 1252 2113 1286 beati

292 1302 437 1343 apostoli
461 1308 495 1334 et
517 1303 726 1345 evangeliste
762 1303 905 1340 Mathei,
929 1313 995 1346 que
1019 1303 1053 1335 in
1075 1303 1200 1335 lucano
1235 1303 1335 1334 litore
1361 1302 1455 1334 circa
1486 1309 1585 1335 vetus
1615 1303 1688 1335 eius
1723 1305 1917 1346 sepulcrum
1940 1307 2005 1337 sita
2029 1312 2079 1338 est
2090 1305 2113 1344 ⁸,

290 1356 476 1392 declinare,
501 1361 534 1387 et
558 1356 731 1387 missarum
755 1356 958 1397 sollempnia
974 1357 1153 1388 celebrare
1170 1356 1358 1398 proposuit.
1405 1356 1560 1398 Cumque
1577 1367 1685 1399 prope
1702 1357 1767 1388 iam
1785 1359 1980 1401 navigando
1997 1359 2111 1391 venis-

289 1414 351 1447 set,
375 1408 499 1440 videns
524 1408 687 1449 optimum
712 1410 755 1440 ad
776 1410 1008 1452 navigandum
1032 1415 1166 1450 tempus
1188 1415 1310 1440 nautas
1333 1409 1525 1450 procedere
1549 1409 1674 1447 iussit,'
1701 1416 1733 1442 et
1757 1410 1950 1443 devotionis
1965 1422 2024 1443 sue
2041 1423 2113 1443 mu-

288 1472 350 1492 nus
373 1461 407 1492 in
430 1461 543 1493 reditu
567 1471 626 1493 suo
651 1462 763 1493 eidem
787 1462 946 1503 apostolo
979 1462 1141 1494 exhibere
1172 1462 1384 1494 deliberavit.
1433 1460 1538 1499 Quod
1567 1462 1702 1504 quidem
1727 1463 1774 1495 ita
1804 1464 1934 1496 factum
1959 1471 2020 1503 est,
2043 1475 2113 1497 non

290 1514 443 1546 veritatis
466 1515 662 1551 devotione,
687 1525 786 1556 quam
810 1515 936 1547 virtute
961 1515 1117 1557 apostoli.
1164 1515 1253 1547 Nam
1277 1525 1354 1547 cum
1379 1515 1413 1546 in
1436 1515 1549 1546 reditu
1573 1515 1615 1547 de
1639 1516 1705 1547 fide
1736 1518 1839 1548 maris
1870 1517 2054 1556 dubitaret,
2078 1523 2113 1550 et

288 1567 431 1598 transire
455 1567 546 1599 velut
570 1567 753 1599 insalutato
777 1567 956 1609 apostolo⁴
981 1568 1154 1605 voluisset,
1179 1568 1237 1600 ubi
1263 1573 1340 1599 ante
1357 1568 1431 1599 eius
1447 1568 1628 1599 ecclesiam
1646 1569 1750 1606 venit,
1766 1569 1926 1602 subversa
1950 1571 2110 1602 navicula

285 1621 320 1651 in
345 1630 436 1652 mare
460 1620 596 1662 cecidit,
621 1626 654 1652 et
677 1621 770 1662 quod
794 1621 998 1662 promiserat
1028 1622 1177 1653 reddere
1209 1621 1403 1662 compulsus
1433 1626 1493 1651 est.
1541 1620 1613 1653 Sed
1635 1628 1670 1653 et
1694 1622 1849 1654 mirabile
1873 1624 2109 1664 spectaculum

287 1673 322 1704 in
345 1674 412 1704 hac
435 1673 580 1714 apostoli
604 1674 784 1706 coactione
807 1674 1025 1706 subsecutum
1049 1681 1110 1712 est,
1133 1674 1213 1716 quia
1235 1680 1336 1716 pater
1359 1680 1498 1706 sanctus
1528 1674 1559 1705 in
1585 1685 1678 1706 mare
1711 1675 1877 1714 deiectus,
1909 1677 1953 1707 ad
1983 1682 2110 1708 terram

288 1737 351 1768 per
374 1737 479 1768 aquas
502 1727 606 1764 venit,
630 1727 690 1758 sed
713 1727 915 1759 vestimenta
939 1728 1012 1759 eius
1035 1727 1083 1759 ita
1106 1728 1199 1760 sicca
1228 1733 1366 1769 reperta
1389 1733 1478 1765 sunt,
1501 1738 1542 1760 ac
1566 1728 1593 1759 si
1617 1728 1683 1759 hec
1707 1739 1796 1770 aqua
1818 1729 1913 1760 nulla
1936 1730 2111 1772 tetigisset.

289 1779 394 1817 Quod
418 1780 617 1811 miraculum
641 1780 766 1811 fratres
790 1780 903 1822 plures
928 1786 1107 1819 noverunt,
1125 1787 1226 1823 atque
1243 1780 1371 1812 addere
1389 1781 1481 1813 soliti
1497 1787 1585 1819 sunt,
1601 1782 1681 1823 quia
1698 1782 1873 1824 cappelle'
1890 1783 2076 1814 manticam
2089 1783 2110 1821 ⁵,

288 1833 394 1864 libros
418 1838 451 1864 et
474 1843 605 1874 pannos
630 1839 730 1875 atque
755 1833 868 1865 omnia
892 1844 971 1865 vasa
995 1834 1110 1866 altaris
1133 1835 1180 1866 ita
1204 1834 1344 1866 inventa
1368 1840 1446 1866 sunt
1470 1835 1561 1866 omni
1586 1845 1673 1876 aque
1699 1835 1840 1867 humore
1865 1835 1984 1873 libera,
2009 1847 2049 1868 ac
2080 1836 2109 1868 si

286 1896 354 1917 non
378 1886 414 1917 in
439 1886 525 1917 mari
548 1892 731 1923 natassent‚
756 1887 817 1918 sed
841 1886 955 1918 delata
978 1898 1039 1929 per
1062 1893 1189 1919 terram
1213 1888 1338 1919 forent.
1386 1886 1466 1924 Quo
1489 1888 1649 1919 nimirum
1674 1888 1780 1926 facto,
1804 1899 1905 1931 quam
1932 1889 2110 1921 familiaris

378 2017 381 2031 ¹
405 2015 463 2040 Che
482 2016 626 2047 Ruggiero
647 2016 770 2040 divenne
790 2023 908 2040 monaco
929 2024 942 2039 a
963 2014 1039 2040 Cava
1055 2017 1077 2040 si
1094 2017 1172 2048 legge

287 2059 374 2082 anche
386 2058 413 2081 in
426 2065 461 2082 un
478 2058 605 2089 diploma
618 2058 660 2081 del
674 2058 753 2089 figlio
764 2057 878 2088 Enrico,
890 2058 910 2081 il
922 2057 1003 2088 quale
1019 2058 1062 2081 nel
1076 2065 1170 2082 marzo

290 2106 363 2131 1125,
385 2100 501 2123 essendo
523 2100 598 2123 nella
619 2100 677 2123 sala
698 2100 854 2130 capItolare
867 2100 894 2123 di
912 2100 997 2129 Cava,
1013 2101 1171 2124 attorniato

286 2144 330 2167 dal
355 2143 467 2166 fratello
487 2142 635 2169 Tancredi,
656 2142 702 2165 dal
723 2142 896 2166 fratellastro
916 2143 1039 2166 Roberto
1059 2144 1091 2166 de
1114 2144 1170 2166 Me-

285 2185 359 2209 lania
380 2193 393 2207 e
413 2185 447 2207 da
467 2184 534 2207 altri
550 2184 651 2213 nobili,
672 2184 819 2207 riconosee
833 2184 861 2207 di
878 2191 971 2207 nuovo
987 2185 993 2207 i
1016 2184 1096 2207 dritti
1113 2185 1170 2207 del-

286 2227 405 2250 l'abluale
433 2226 474 2249 sul
507 2226 656 2249 territorio
686 2226 712 2249 di
744 2225 830 2253 Cava,
864 2224 891 2249 i‘n
921 2226 1169 2258 Roccapiemonte,

285 2269 419 2292 Montoro
439 2276 452 2291 e
473 2269 558 2291 Rota:
583 2268 594 2281 ⁰
606 2268 744 2292 Henricus
756 2268 831 2292 filius
844 2269 986 2299 quondam
1008 2269 1122 2300 Rogerii
1138 2269 1169 2292 de

287 2311 409 2334 “sancto
429 2310 574 2336 Severino,
595 2310 643 2340 qul
664 2311 845 2340 postmodum
868 2312 894 2333 in
915 2311 1011 2334 eodem
1033 2313 1171 2334 monaste-

287 2353 299 2365 “
312 2354 354 2375 rio
374 2353 527 2375 monachus
547 2352 669 2381 extitit„
691 2351 737 2382 (A.
758 2351 798 2379 C.‚
819 2353 848 2376 F.
868 2359 894 2375 n.
915 2352 968 2381 26).

373 2392 382 2408 ²
403 2394 479 2418 Cava
499 2394 566 2417 ebbe
586 2394 616 2416 in
637 2393 770 2417 Calabria
785 2394 865 2417 molti
887 2396 1053 2418 monasteri:
1069 2394 1093 2417 S.
1109 2394 1169 2417 An-

283 2437 347 2459 drea
367 2436 395 2459 di
417 2436 545 2464 Calvera,
565 2435 591 2459 S.
612 2435 742 2459 Adriano
764 2437 790 2459 di
814 2436 942 2459 Rossano
967 2435 1026 2466 (dal
1056 2435 1122 2459 xoSS
1142 2436 1168 2460 al

286 2478 373 2508 1106),
393 2478 419 2501 S.
441 2478 543 2501 Menna
565 2478 593 2501 di
615 2477 751 2504 Goffone.
771 2477 797 2501 S.
812 2476 959 2501 Giovanni
975 2478 1004 2501 di
1019 2477 1168 2505 Mercurio,

283 2520 309 2543 S.
329 2520 420 2543 Maria
440 2520 468 2543 di
489 2519 659 2547 Cersosimo,
686 2520 713 2543 S.
738 2519 835 2543 Pietro
859 2520 886 2543 di
914 2520 1046 2543 Brahalla
1072 2512 1168 2552 presso

283 2562 395 2590 Oriolo‚
415 2562 440 2585 S.
462 2562 564 2585 Nicola
583 2562 613 2585 di
629 2562 798 2591 Colubraro,
812 2561 838 2585 S.
852 2561 1006 2585 Pam-razio
1019 2569 1033 2585 e
1046 2562 1071 2587 S.
1087 2562 1168 2586 Gior-

282 2604 331 2635 gio
352 2604 380 2627 di
400 2603 541 2634 Piscopia,
562 2603 587 2626 S.
608 2604 761 2627 Benedetto
787 2603 815 2626 di
843 2603 955 2633 Ullano,
983 2604 1008 2627 S.
1030 2604 1119 2627 Maria
1140 2605 1168 2627 di

282 2644 356 2669 Rota
376 2644 408 2668 ed
429 2645 497 2668 altri
518 2646 621 2668 minori
641 2645 678 2675 (v.
700 2645 981 2670 MATTExCERAsoLi
1004 2646 1042 2674 L.,
1058 2647 1098 2670 La
1114 2647 1167 2670 Ba-

282 2687 327 2710 dia
348 2688 379 2710 di
396 2688 472 2710 Cava
492 2695 505 2709 e
519 2687 529 2709 i
542 2688 693 2711 Monasteri
701 2688 783 2719 greci
792 2689 864 2711 della
880 2688 1009 2712 Calabria
1022 2689 1166 2719 superiore,

281 2730 311 2752 in
341 2729 525 2753 Archivio
555 2731 698 2753 storico
727 2730 852 2761 peria
883 2730 1064 2754 Calabria
1092 2739 1105 2755 e
1132 2731 1167 2754 la

281 2771 457 2800 Lucania,
487 2771 571 2794 Anno
592 2771 666 2802 VIII,
689 2772 763 2803 1938,
783 2779 808 2804 p.
832 2771 878 2802 167
899 2779 912 2796 e
938 2771 995 2803 265,
1022 2772 1070 2800 IX,
1098 2772 1167 2803 280).

367 2812 377 2828 ³
397 2813 423 2837 S.
443 2812 551 2836 Matteo
571 2813 608 2836 ad
625 2814 674 2837 duo
694 2814 819 2841 flumina,
839 2812 900 2838 cioe
919 2814 976 2837 alla
996 2814 1167 2838 confluenza

280 2855 323 2877 dei
347 2855 426 2877 fiumi
449 2854 555 2877 Alento
576 2862 589 2877 e
610 2855 723 2882 Velino,
745 2856 789 2878 nel
802 2855 898 2887 luogo,
919 2855 992 2879 dove
1007 2856 1051 2879 nel
1071 2863 1122 2887 954
1139 2856 1166 2879 fu

279 2899 394 2921 trovato
415 2898 433 2920 il
453 2904 541 2930 corpo
562 2897 591 2920 di
611 2905 659 2921 san
681 2898 788 2922 Matteo
810 2906 852 2930 ap.
867 2906 880 2922 e
894 2900 1009 2931 portato
1024 2900 1069 2930 poi
1086 2906 1101 2922 a
1120 2899 1166 2922 Sa-

280 2939 358 2962 lerno
379 2939 416 2970 (v.
438 2939 505 2963 Acta
528 2940 586 2968 88,
606 2939 643 2963 VI
663 2940 746 2973 Sept.,
769 2948 794 2972 p.
822 2939 892 2973 210).
930 2939 1035 2968 Questa
1063 2941 1166 2969 chiesa,

1228 2017 1298 2041 satta
1318 2017 1457 2041 costruire
1477 2017 1511 2041 da
1532 2016 1670 2044 Teodora.
1684 2017 1763 2049 figlia
1776 2018 1804 2042 di
1820 2017 1961 2050 Gregorio
1982 2019 2052 2043 duca
2066 2020 2109 2043 dei

1226 2059 1356 2087 Romani,
1372 2060 1480 2083 vedova
1500 2060 1528 2083 di
1551 2060 1703 2087 Pandolfo,
1723 2060 1803 2092 figlio
1828 2061 1855 2084 di
1878 2060 2043 2085 Guaimario
2062 2062 2109 2090 IV,

1227 2100 1271 2123 nel
1296 2106 1369 2132 1054,
1391 2101 1418 2124 su
1440 2103 1603 2124 consacrata
1629 2102 1664 2125 da
1687 2102 1796 2132 Amato,
1823 2109 1945 2126 vescovo
1965 2103 1993 2126 di
2017 2102 2108 2131 Peste,

1225 2142 1274 2165 che
1293 2149 1423 2166 concesse
1444 2150 1457 2165 a
1477 2142 1607 2166 'reodora
1633 2143 1763 2174 diploma
1783 2144 1810 2167 di
1836 2145 1987 2168 esenzione
2007 2152 2060 2168 con
2082 2145 2108 2168 la

1226 2182 1332 2208 facolta
1358 2185 1386 2208 di
1415 2185 1483 2208 farla
1514 2185 1634 2208 officiare
1654 2185 1688 2208 da
1712 2186 1784 2216 preti
1810 2194 1826 2209 o
1852 2188 1962 2210 monaci
1990 2186 2036 2217 (cs.
2057 2186 2107 2210 FF.-

1224 2233 1297 2250 1›EL1-;
1318 2227 1437 2256 l'quRo,
1460 2228 1500 2250 Di
1518 2228 1611 2250 alcunc
1629 2228 1819 2259 relationi-fra
1840 2229 1850 2251 i
1863 2229 1976 2252 conlidi
2000 2230 2107 2254 Tuscolo

1225 2269 1258 2291 ed
1276 2268 1286 2290 i
1298 2269 1422 2298 principi
1439 2269 1469 2291 di
1496 2268 1618 2298 Salerno,
1643 2269 1669 2291 in
1691 2269 1802 2292 Arch.
1831 2270 1846 2292 (1
1859 2270 1934 2293 clla
1958 2269 1995 2293 R.
2021 2270 2088 2295 Soc
2101 2290 2106 2294 .

1224 2309 1379 2333 Romana
1410 2310 1445 2333 di
1474 2312 1590 2333 storia
1620 2312 1758 2342 patria,
1788 2310 1853 2334 Vol.
1884 2311 2010 2338 XXVIIIv
2031 2320 2056 2344 p.
2077 2318 2107 2343 53

1227 2352 1253 2375 C.
1269 2353 1305 2376 I).
1322 2352 1358 2382 C.‚
1373 2352 1432 2381 VII,
1446 2359 1472 2383 p.
1489 2352 1560 2382 221).
1597 2351 1753 2376 Pervenuta
1768 2353 1794 2376 la
1809 2353 1902 2377 chiesa
1916 2354 1946 2377 in
1962 2353 2107 2386 proprieta

1223 2394 1252 2417 di
1272 2392 1448 2423 Guaimario‚
1479 2394 1594 2425 signore
1613 2395 1641 2418 di
1661 2394 1785 2423 Giffoni‚
1811 2396 1901 2426 questi
1927 2396 1971 2419 nel
1995 2396 2060 2427 1096
2080 2397 2107 2421 la

1223 2435 1300 2460 dono
1320 2436 1472 2460 all'abbate
1491 2437 1520 2459 di
1540 2435 1617 2460 Cava
1638 2444 1690 2460 con
1712 2437 1736 2459 le
1757 2437 1828 2460 altre
1848 2437 1939 2461 chiese
1959 2438 1986 2461 di
2007 2438 2033 2462 S.
2053 2439 2107 2462 Mi-

1223 2478 1308 2509 chele,
1329 2478 1355 2502 S.
1375 2477 1524 2502 Giovanni
1543 2486 1556 2502 e
1575 2479 1600 2503 S.
1621 2479 1753 2502 Liberata
1774 2480 1801 2503 di
1818 2479 1927 2503 Giffoni
1947 2479 1992 2510 (A.
2007 2479 2047 2511 C.,
2062 2481 2107 2511 D.,

1224 2528 1249 2544 n.
1269 2520 1297 2551 9)
1317 2520 1549 2552 aggiungendovi
1571 2521 1616 2544 nel
1641 2526 1704 2552 1097
1727 2521 1747 2544 il
1768 2522 1960 2552 porticciuolo
1974 2523 2016 2546 sul
2031 2530 2106 2547 mare

1223 2563 1250 2586 di
1270 2563 1361 2592 Velia,
1376 2570 1390 2586 e
1404 2563 1448 2586 nel
1472 2569 1538 2586 1110
1552 2563 1621 2586 altre
1636 2565 1707 2587 terre
1728 2564 1757 2587 in
1772 2563 1855 2588 Celso
1874 2571 1888 2587 e
1908 2564 2105 2589 Guarrazzano

1222 2604 1269 2636 (A.
1284 2605 1315 2630 C.
1329 2605 1372 2633 D.,
1390 2611 1419 2636 13
1433 2612 1447 2629 e
1460 2605 1490 2634 E,
1506 2605 1558 2637 13).
1596 2605 1720 2629 Attorno
1740 2606 1766 2629 al
1787 2608 1947 2630 monastero
1968 2607 1990 2630 si
2013 2606 2105 2631 formo

1223 2647 1243 2670 il
1264 2646 1364 2670 Casale
1384 2647 1412 2670 di
1432 2647 1459 2671 S.
1480 2647 1597 2677 Matteo,
1617 2654 1660 2671 ma
1681 2647 1725 2671 nel
1745 2648 1838 2672 secolo
1852 2647 1915 2672 XIV
1927 2648 1968 2680 gli
1982 2649 2104 2673 abitanti

1222 2696 1270 2720 per
1290 2689 1416 2720 sfuggire
1436 2689 1462 2713 la
1488 2690 1615 2719 malma,
1644 2692 1758 2714 causata
1787 2690 2104 2722 dall'impaludamento

1221 2730 1265 2754 dei
1287 2731 1339 2754 due
1358 2730 1445 2760 fiumi,
1466 2732 1488 2754 si
1510 2731 1668 2755 ritirarono
1683 2731 1724 2755 sul
1740 2732 1814 2755 colle
1827 2732 1926 2756 vicino
1940 2732 2034 2756 dando
2048 2733 2103 2756 ori-

1220 2773 1287 2804 gine
1307 2772 1333 2796 al
1354 2779 1433 2805 paese
1454 2772 1643 2803 Casalicchio,
1663 2775 1729 2806 oggi
1752 2772 1935 2798 Casalvelino
1959 2773 2005 2806 (cs.
2026 2775 2105 2798 VEN-

1221 2821 1370 2845 TiMlGLlA,
1389 2819 1429 2845 op.
1449 2815 1502 2843 cit„
1517 2823 1542 2846 p.
1562 2814 1616 2847 43).

1309 2855 1319 2870 ⁴
1341 2856 1523 2880 “Insalutato
1543 2857 1656 2888 hospite
1668 2875 1691 2887 „.
1729 2856 1842 2887 Sinon,
1862 2858 1907 2886 IV,
1929 2865 1970 2890 ep.
1996 2864 2034 2882 10.

1309 2897 1319 2913 ⁵
1340 2900 1471 2928 mantica,
1490 2900 1570 2923 borsa
1591 2899 1625 2923 da
1645 2901 1769 2932 viaggio,
1793 2907 1808 2923 e
1827 2900 1874 2931 qui
1895 2901 2103 2933 propriamente

1221 2939 1396 2966 l'involucro·
1416 2940 1573 2966 dell'altare
1593 2942 1737 2973 portatile.

2142 776 2180 807 10

2142 1039 2178 1071 15

2137 1308 2178 1338 20

2133 1571 2173 1601 25

2134 1837 2175 1868 30

2138 2066 2170 2091 ²5

2135 2253 2173 2305 3⁰*

2134 2489 2166 2516 3⁵

2132 2698 2166 2723 40

2131 2908 2163 2933 45
