2280 3476
169 571 188 587 c.
204 567 250 585 28r

160 1440 234 1465 Mun„
247 1445 285 1463 ²29

171 1498 188 1514 c.
204 1494 252 1512 :8⁰

289 2575 319 2591 10

290 2783 318 2808 ¹5

341 160 387 194 28
576 160 740 196 VITAE
768 160 1030 199 QUATUOR
1058 161 1298 196 PRIORUM
1327 161 1587 197 ABBATUM
1618 161 1929 197 CAVENSIUM

337 301 452 322 eorum
477 290 590 323 nullus
612 291 788 333 inparatus
811 292 1031 324 inveniretur.
1080 291 1237 329 Quorum
1261 293 1423 334 profecto
1448 292 1630 325 nonnullos
1659 303 1742 334 sepe
1773 294 1979 334 premonuit,
2003 300 2036 326 et
2059 300 2095 325 ut
2126 305 2161 325 se

340 344 383 374 ad
407 344 558 375 vicinum
583 345 710 376 exitum
734 351 969 386 prepararent,
994 345 1185 387 imperavit.

426 398 595 429 Iohannes
619 396 760 439 quidem
778 398 955 429 Romanus
979 397 1133 430 eiusdem
1158 399 1263 430 nostri
1288 399 1496 436 monasterii,
1521 399 1579 442 qui
1602 399 1704 430 etiam
1721 399 1766 430 ad
1782 399 1848 430 hoc
1866 399 2079 431 Venusinum
2094 411 2167 432 rno-

338 450 521 481 nasterium
544 461 679 482 mecum
703 451 809 488 venit,
833 457 960 493 quante
983 451 1214 493 simplicitatis
1237 458 1271 482 et
1292 452 1471 495 religionis
1486 453 1538 483 vir
1555 452 1671 489 fuerit,
1687 462 1707 482 a
1723 452 1836 483 multis
1861 453 2067 495 agnoscitur.
2100 452 2168 484 Hic

339 510 453 535 autem
477 504 512 534 in
537 509 648 535 castro
671 504 782 535 sancti
798 503 976 537 Adiutoris
990 504 1000 521 ¹
1026 515 1102 536 cum
1127 505 1252 536 ceteris
1269 505 1432 537 fratribus
1455 515 1596 536 manere
1612 505 1721 536 iussus
1737 506 1858 536 fuerat.
1907 505 2067 542 Quadam
2084 516 2167 537 vero

340 557 396 588 die
420 557 466 588 ad
489 557 745 588 monasterium'
771 557 913 589 veniens
935 558 982 595 id,
1007 559 1101 600 quod
1125 559 1217 599 apud
1241 565 1463 590 memoratum
1480 564 1627 589 castrum
1645 558 1781 589 noviter
1795 564 1928 600 gestum
1945 564 2099 596 noverat,
2115 569 2169 589 re-

337 609 413 641 tulit
437 609 577 641 dicens:
603 610 761 651 Dompno
786 610 895 642 Leoni
920 610 1075 647 Barensi‚
1099 611 1262 653 magistro
1286 611 1437 643 eiusdem
1462 611 1577 648 castri,
1601 616 1744 642 externa
1769 616 1873 642 nocte
1897 611 2043 642 domnus
2061 611 2167 643 abbas

338 662 461 694 Petrus
483 662 516 693 in
541 662 692 704 sompnis
715 663 884 704 apparuit,
908 663 1007 706 eique
1031 664 1134 695 dixit:
1159 665 1280 695 Frater
1302 663 1387 701 Leo,
1411 675 1517 706 quare
1534 670 1604 694 tam
1628 663 1855 706 neglegenter
1879 664 1952 706 agis
1967 670 2001 695 et
2017 663 2168 696 debitam

338 715 566 757 psalmodiam
590 715 785 747 defunctis²
811 717 975 748 fratribus
999 727 1216 758 nequaquam
1239 716 1384 748 reddis?
1409 717 1545 754 festina,
1571 722 1605 747 et
1621 726 1771 758 prepara
1795 722 1840 754 te,
1864 717 1944 759 quia
1967 717 2030 748 sub
2045 727 2170 759 magna

339 768 405 799 eris
431 769 610 800 celeritate
633 769 828 800 moriturus.
876 769 1055 812 Evigilans
1079 775 1204 808 autem,
1226 770 1349 802 timore
1373 770 1582 811 prenuntiati
1606 769 1671 801 sibi
1688 769 1802 801 obitus
1817 780 1943 811 pavere
1967 769 2170 801 mirabiliter

339 821 439 862 cepit.
486 820 552 852 Cui
575 822 679 853 etiam
702 823 859 864 sequenti
884 828 987 854 nocte
1010 822 1218 854 venerabilis
1241 822 1348 854 abbas
1371 822 1578 854 Constabilis
1602 822 1773 864 apparuit,
1790 828 1824 854 et
1839 823 1961 854 eadem
1979 822 2076 853 dixit.
2121 822 2173 854 Ex

340 885 407 917 qua
430 875 598 906 mimirum
622 877 795 917 geminata
819 876 949 907 visione
976 876 1024 907 ita
1047 876 1185 907 territus
1208 882 1268 914 est,
1292 881 1329 907 ut
1353 876 1387 907 in
1411 876 1560 907 ecelesia
1581 875 1742 916 psallens,
1767 875 1818 907 bis
1835 875 1964 907 cotidie
1988 885 2031 906 ex
2047 876 2168 907 ordine

339 928 538 969 psalterium
563 934 708 970 repetat,
732 935 766 960 et
790 929 832 960 ab
857 929 968 960 omni‘
993 929 1051 960 illa
1075 929 1143 960 iam
1167 939 1228 960 sua
1251 929 1424 961 otiositate
1449 929 1612 971 quiescat.
1659 929 1742 960 Post
1770 928 1962 970 aliquantos
1991 938 2074 960 vero
2098 929 2171 960 dies

340 980 430 1013 idem
455 981 529 1013 Leo
553 983 742 1013 monachus
763 982 930 1024 languore
955 989 1133 1015 correctus
1158 983 1253 1019 obiit,
1284 988 1384 1024 atque
1416 983 1509 1024 quod
1540 983 1719 1014 veritatem
1751 982 1901 1014 vivendo
1933 981 2068 1018 dixerit,
2100 992 2171 1013 mo-

340 1034 462 1065 riendo
487 1034 643 1066 firmavit.
690 1035 764 1067 Hec
790 1041 900 1067 autem
925 1036 1008 1066 mihi
1032 1035 1204 1067 Iohannes
1227 1035 1434 1067 venerabilis
1456 1036 1647 1067 monachus
1671 1035 1784 1066 adhuc
1807 1035 1945 1066 vivente
1972 1044 2024 1072 eo,
2048 1035 2104 1076 qui
2122 1035 2171 1065 vi-

339 1087 469 1118 sionem
494 1098 553 1119 sue
574 1088 692 1120 mortis
715 1089 859 1127 viderat,
883 1089 1044 1125 narravit,
1070 1100 1136 1131 que
1160 1099 1236 1120 cum
1261 1089 1295 1119 in
1320 1089 1393 1120 eius
1417 1088 1511 1120 obitu
1533 1088 1673 1129 impleta
1697 1087 1815 1126 didici,
1837 1088 1982 1120 credere
2006 1098 2046 1118 ea
2070 1087 2173 1119 etiam

341 1139 432 1181 cepi,
456 1150 522 1182 que
545 1151 609 1182 per
632 1142 870 1184 memetipsum
894 1152 961 1174 non
985 1142 1056 1174 vidi
1068 1141 1090 1174 ³.

860 1317 977 1349 VITA
1001 1317 1034 1349 S.
1059 1317 1374 1350 CONSTABILIS
1399 1316 1654 1349 ABBATIS⁴.‘

433 1434 524 1472 Quia
547 1436 610 1467 viri
634 1435 734 1467 valde
758 1436 965 1468 venerabilis
989 1436 1123 1469 abbatis
1139 1436 1349 1469 Constabilis
1365 1437 1574 1469 mentionem
1592 1436 1670 1474 feci,
1687 1446 1728 1468 ea
1751 1436 1855 1468 etiarn
1878 1437 2043 1468 debemus
2066 1437 2175 1479 scrip-

341 1494 414 1521 ture
438 1489 588 1526 tradere,
612 1501 677 1531 que
703 1491 748 1521 de
771 1491 844 1521 eius
867 1490 954 1521 vita'
980 1496 1082 1532 atque
1106 1490 1282 1521 miraculis
1313 1490 1529 1522 venerabiles
1560 1490 1760 1521 monasterii
1782 1489 1833 1521 sui
1855 1500 1954 1522 senes
1977 1490 2071 1522 soliti
2096 1496 2174 1522 sunt

343 1551 420 1572 cum
444 1552 569 1584 magna
594 1542 778 1574 devotione
802 1552 952 1574 narrare.
997 1543 1061 1575 Hic
1086 1543 1202 1585 itaque
1226 1543 1382 1574 Lucania
1405 1543 1587 1584 provincia
1612 1543 1775 1574 exhortus
1787 1542 1810 1580 ⁵,
1834 1543 1877 1574 ab
1900 1543 1976 1584 ipso
2000 1543 2146 1584 pueritie
2161 1541 2172 1558 ⁶

341 1606 401 1626 sue
425 1601 580 1636 tempore
606 1596 680 1627 viro
704 1596 766 1627 Dei
792 1597 899 1627 Leoni
926 1596 1043 1628 abbati
1069 1597 1278 1628 erudiendus
1301 1607 1321 1627 a
1345 1595 1546 1637 parentibus
1568 1595 1715 1627 traditus
1731 1596 1845 1627 fuerat
1855 1594 1875 1626 ⁷.
1924 1595 1994 1633 Qui
2014 1596 2096 1628 licet
2111 1595 2174 1627 sub

342 1648 531 1680 venerandi
554 1649 644 1680 senis
668 1649 768 1680 huius
791 1649 1003 1681 institutione
1027 1650 1223 1691 proficeret,
1248 1655 1361 1681 tamen
1385 1660 1405 1680 a
1428 1649 1501 1680 viro
1525 1658 1613 1690 eque
1638 1648 1804 1680 laudabili
1828 1649 1930 1680 Petro
1955 1648 2079 1680 abbate
2103 1659 2174 1680 mo-

343 1702 469 1733 nastici
493 1702 625 1733 ordinis
649 1702 833 1743 disciplina
857 1702 992 1743 plenius
1016 1703 1210 1740 instructus,
1235 1713 1275 1733 ea
1300 1703 1517 1744 perfectione
1543 1702 1676 1740 claruit,
1700 1708 1736 1733 ut
1760 1702 2034 1742 conversationis
2058 1701 2173 1744 fulgo-

342 1764 413 1785 rem
439 1765 507 1786 non
530 1754 721 1796 simplicem
746 1760 895 1798 gereret,
920 1756 979 1787 sed
1003 1756 1146 1787 honeste
1171 1766 1229 1787 sue
1254 1755 1322 1787 vite
1346 1755 1488 1798 gloriam
1512 1754 1699 1796 spiritualis
1722 1754 1877 1786 doctrine
1900 1754 2005 1786 radiis
2029 1754 2175 1786 iilustra-

342 1813 405 1839 ret.
452 1807 542 1839 Nam
567 1809 662 1850 quod
685 1808 786 1840 valde
811 1808 956 1840 sublime
981 1809 1163 1841 christiane
1186 1809 1416 1851 simplicitatis
1441 1814 1502 1846 est,
1526 1809 1600 1840 fere
1623 1807 1667 1839 ab
1680 1808 1756 1848 ipso
1773 1808 1840 1839 vite
1864 1817 1925 1839 sue
1947 1808 2046 1840 initio
2060 1808 2176 1850 iugum

344 1861 483 1892 Domini
504 1862 581 1892 leve
605 1861 769 1903 suscepit,
794 1868 827 1893 et
851 1863 963 1893 carnis
986 1872 1044 1893 sue
1061 1862 1313 1904 integri'tatem,
1338 1873 1415 1894 cum
1440 1861 1657 1893 immaculate
1674 1861 1794 1892 mentis
1809 1861 1991 1902 splendore
2008 1861 2175 1892 coniunc-

342 1920 410 1946 tam
434 1924 541 1956 usque
566 1915 611 1945 ad
634 1915 703 1946 vite
728 1925 787 1946 sue
813 1915 942 1946 exitum
967 1915 1074 1946 duxit.
1122 1914 1228 1952 Quod
1250 1925 1330 1946 vero
1355 1915 1514 1947 doctrine
1542 1914 1757 1946 nobilitatem
1789 1913 1905 1946 decuit
1936 1914 2174 1956 evangelicam

343 1967 597 2008 simplicitatem
621 1967 657 1998 in
681 1968 749 1999 vite
766 1978 825 1999 sue
849 1968 1057 2000 rectitudine
1081 1969 1218 1999 omnino
1243 1978 1362 2009 puram
1387 1974 1419 1999 et
1436 1966 1628 2008 simplicem
1652 1967 1770 2004 tenuit,
1787 1966 1849 1998 sed
1865 1971 1960 1998 recte
1976 1966 2174 1998 intentionis

345 2025 379 2051 et
402 2021 451 2061 pii
474 2020 588 2061 operis
612 2021 738 2052 bonum
757 2027 822 2052 tam
848 2021 1014 2052 decenter
1038 2020 1201 2059 exhibuit,
1218 2026 1254 2052 ut
1271 2031 1332 2062 per
1348 2020 1603 2062 simplicitatem
1627 2019 1754 2060 optime
1777 2019 1918 2056 viveret,
1935 2024 1969 2050 et
1984 2029 2047 2060 per
2060 2019 2176 2061 operis

346 2074 572 2110 honestatem,
610 2084 676 2115 que
710 2073 874 2111 faciebat,
906 2074 1210 2105 contubernalibus
1244 2074 1417 2105 suaderet.
1465 2073 1557 2104 Hinc
1581 2083 1676 2115 ergo,
1701 2078 1737 2103 ut
1761 2072 1872 2114 palam
1907 2072 2072 2110 cernitur,
2096 2072 2176 2114 quia

438 2183 442 2197 ¹
464 2185 486 2208 Il
509 2185 625 2208 castello
645 2186 673 2208 (li
692 2186 719 2209 S.
741 2185 880 2209 Adiutore
895 2186 967 2209 sulla
982 2186 1053 2208 rima
1068 2186 1097 2208 «11
1113 2193 1148 2208 un
1164 2186 1237 2208 colle
1292 2185 1334 2208 cd.
1356 2186 1528 2213 Ducunan,
1548 2184 1580 2213 11,
1601 2191 1627 2216 p.
1647 2183 1709 2214 376)
1728 2184 1750 2206 si
1774 2183 1834 2206 dice
1861 2184 1909 2207 che
1936 2183 1991 2206 alla
2011 2190 2058 2206 sua
2080 2191 2178 2206 consa-

349 2227 424 2250 nella
444 2227 549 2250 vallata
570 2227 598 2250 di
619 2226 696 2250 Cava
723 2228 767 2250 dei
794 2227 905 2250 Tiri-eni
928 2225 940 2250 'e
967 2227 996 2250 di
1026 2228 1136 2258 origine
1163 2229 1233 2250 assai
1293 2228 1422 2249 crazionc
1442 2227 1611 2250 interventio
1630 2233 1682 2249 con
1697 2225 1817 2248 l'abbate
1833 2225 1861 2248 di
1875 2224 1972 2248 Monte
1992 2224 2114 2248 cassino
2129 2232 2176 2248 an-

348 2270 443 2291 antica
464 2268 500 2299 (x.
527 2268 708 2296 Potvnnmo,
731 2269 902 2292 Dcscricionc
931 2269 1041 2292 ustarisa
1069 2270 1140 2292 della
1168 2269 1234 2292 ct'tlt'e
1293 2269 1341 2291 cho
1363 2268 1519 2300 .5'1g·c1112(l'1‹s
1539 2266 1646 2297 (abbas)
1665 2268 1697 2290 dc
1714 2267 1819 2297 caveis,
1833 2275 1846 2290 e
1860 2267 1895 2290 da
1908 2267 2004 2290 alcuni
2024 2267 2048 2290 si
2062 2267 2178 2290 intende

350 2311 515 2335 fidelissima
535 2312 607 2334 della
629 2312 713 2340 Cava,
736 2311 849 2341 anoli,
868 2310 941 2340 1716,
956 2318 980 2341 p,
999 2311 1235 2340 1‹·3;A1)1Nor›1⁷1.
1293 2312 1323 2333 dc
1346 2311 1442 2334 caveis
1463 2311 1488 2333 la
1503 2309 1586 2332 badia
1607 2310 1634 2332 di
1657 2309 1747 2335 (Ζᾶνες
1763 2307 1808 2331 cio
1830 2316 1885 2332 non
1907 2307 1920 2331 ὸ
1939 2310 2039 2335 esatto,
2061 2308 2134 2332 forse
2153 2309 2176 2331 si

350 2354 441 2376 Storia
456 2354 529 2376 della
545 2354 630 2382 Cava,
645 2353 771 2381 Salerno,
791 2352 865 2383 1836,
878 2360 903 2384 p.
922 2353 988 2382 176),
1002 2361 1043 2375 ma
1056 2353 1172 2376 sitrnva
1188 2360 1235 2375 no·
1292 2356 1377 2377 trattn
1399 2355 1441 2376 del
1463 2354 1625 2376 monastero
1645 2352 1687 2375 sul
1707 2351 1806 2375 Monte
1826 2350 1902 2375 Cave
1922 2358 2016 2382 presso
2036 2350 2133 2375 Roma.

350 2396 458 2418 minato
473 2395 518 2418 nei
532 2395 696 2418 documenti
712 2395 839 2418 soltanto
855 2394 900 2417 dal
919 2394 984 2423 1058
998 2395 1041 2425 (C.
1058 2396 1091 2417 l).
1110 2395 1147 2421 C..
1162 2394 1235 2421 VIII.
1380 2395 1388 2409 ⁴
1409 2395 1522 2418 Titolo:
1545 2395 1588 2417 De
1608 2394 1702 2417 abbate
1725 2394 1880 2417 constabili.

349 2444 373 2467 p.
396 2438 455 2468 79);
476 2439 602 2460 ritenuto
628 2438 674 2461 dai
702 2437 825 2469 principi
854 2437 1024 2467 longobardi
1045 2445 1057 2459 e
1078 2436 1121 2459 dai
1151 2437 1233 2467 primi
1380 2436 1389 2449 7¹
1413 2438 1472 2460 k‘na
1493 2437 1654 2460 tradizione
1674 2435 1764 2458 locale
1784 2435 1812 2458 lo
1833 2435 1895 2458 dice
1915 2436 1983 2458 nato
2005 2435 2047 2458 nel
2076 2433 2176 2458 Casale

349 2480 515 2507 Normanni,
538 2480 565 2502 fu
586 2480 633 2510 poi
655 2479 757 2503 ceduto
771 2479 816 2502 dal
833 2479 910 2501 Duca
924 2478 1067 2510 Ruggiero
1082 2486 1095 2501 a
1109 2486 1158 2501 san
1174 2479 1235 2502 Pie·
1291 2479 1320 2502 di
1341 2480 1365 2501 S.
1386 2478 1531 2501 Giovanni
1554 2478 1582 2501 di
1603 2478 1755 2500 Terresino
1774 2477 1817 2507 (V.
1844 2485 1868 2500 n.
1890 2475 1912 2507 6,
1940 2485 1966 2509 p.
1994 2476 2038 2508 20)
2065 2483 2079 2500 e
2101 2476 2177 2500 dalla

348 2523 392 2545 tro
413 2529 465 2545 con
486 2522 612 2553 diploma
632 2522 676 2544 del
699 2521 825 2544 sebbraio
843 2527 906 2544 1111
923 2521 969 2549 (Α.
984 2520 1023 2547 C.v
1038 2521 1067 2548 E,
1083 2529 1108 2544 n.
1128 2520 1167 2552 17)
1181 2528 1234 2544 eon
1294 2521 1422 2552 samiglia
1442 2519 1615 2548 Gentilcorc,
1636 2527 1679 2543 ma
1701 2527 1756 2543 non
1778 2526 1811 2542 ne
1824 2519 1951 2543 esistono
1971 2519 2141 2542 documenti.

349 2565 415 2588 tutti
439 2565 444 2586 i
467 2564 558 2593 dritti,
581 2571 622 2587 ma
643 2564 737 2588 dietro
758 2564 896 2594 acquisto,
917 2570 992 2586 corne
1013 2563 1036 2586 si
1060 2563 1136 2594 legge
1159 2563 1234 2594 negli
1379 2561 1389 2577 θ
1410 2563 1494 2586 Pueri
1506 2562 1662 2585 secondole
1674 2561 1881 2585 consuetudini
1896 2560 2176 2584 Cluniaeensierano

350 2606 467 2629 Annales
489 2607 621 2629 Caveuses
642 2607 683 2633 (C.
704 2607 738 2629 l).
755 2606 792 2632 (2,
814 2605 869 2629 vol¹
891 2604 923 2635 V,
940 2605 1012 2636 App.
1038 2613 1063 2636 p.
1085 2605 1142 2635 30l:
1162 2613 1235 2634 1110,
1291 2606 1425 2628 chiamati
1448 2605 1456 2628 i
1478 2604 1610 2627 fam-iulli
1633 2604 1689 2627 fino
1710 2603 1735 2626 al
1751 2603 1960 2633 quindicesimo
1980 2609 2054 2626 anno
2075 2602 2104 2625 di
2123 2599 2175 2630 eta,

351 2649 362 2660 ¹‘
375 2650 501 2672 Domnus
516 2649 602 2672 abbas
617 2648 715 2672 Petrus
730 2650 825 2671 sanvte
840 2648 996 2671 Trinitatis
1012 2646 1106 2670 Caven
1114 2649 1150 2670 sis
1167 2649 1235 2670 emit
1291 2656 1305 2671 e
1324 2649 1445 2671 siccome
1464 2648 1486 2670 si
1508 2646 1569 2670 divo
1589 2646 1638 2669 che
1654 2653 1709 2669 non
1725 2644 1796 2669 morl
1812 2646 1937 2675 vecchio,
1959 2645 2074 2668 dovette
2087 2651 2177 2668 essere

351 2690 363 2702 ‘⁴'
377 2693 497 2714 castrum
517 2691 610 2714 sancti
631 2691 780 2714 Adiutoris
802 2690 879 2713 mille
899 2692 925 2713 et
946 2690 1039 2713 decem
1059 2690 1182 2713 sclifatis
1195 2708 1216 2717 „.
1291 2692 1452 2722 presentato
1472 2697 1487 2713 a
1508 2695 1557 2712 san
1577 2688 1671 2712 Leone
1691 2688 1766 2720 negli
1788 2688 1884 2711 ultimi
1905 2688 1970 2711 anni
1992 2687 2036 2710 del
2058 2694 2108 2711 suo
2127 2693 2177 2718 go-

437 2732 447 2747 ‘-'
468 2733 578 2764 Cinque
599 2733 680 2756 salini
701 2733 751 2756 che
772 2734 778 2755 i
801 2732 987 2756 Cluniacensi
1002 2732 1151 2755 dovevano
1166 2733 1235 2755 reci-
1291 2739 1388 2760 verno,
1408 2730 1468 2755 σίοὲ
1488 2731 1564 2762 dopo
1586 2730 1605 2753 il
1630 2736 1703 2760 1070.

350 2778 409 2799 tare
430 2776 499 2806 ogni
519 2775 638 2798 mattina
659 2782 707 2805 per
728 2776 734 2798 i
756 2774 877 2798 (lesunti.
915 2773 946 2797 V,
962 2774 1113 2800 ΗΒΑ-ωυρμ
1127 2778 1167 2803 op.
1181 2774 1234 2801 cil„
1378 2772 1389 2787 ⁷
1403 2773 1512 2796 Faus-1⁸1
1527 2779 1641 2796 inorme.
1661 2773 1720 2795 Vita
1735 2772 1762 2796 S.
1778 2772 1873 2795 Mauri
1885 2771 1950 2800 abb.,
1965 2778 2023 2802 cap.
2037 2770 2061 2794 I:
2078 2770 2175 2794 “Duo-

350 2817 368 2844 Ι,
390 2823 401 2840 2
423 2822 482 2847 e33
503 2817 614 2844 M1GN13,
635 2817 709 2840 Patr.
730 2817 802 2846 Lat„
822 2815 943 2846 CXLIX,
960 2823 981 2839 c.
996 2815 1055 2846 646.
1094 2815 1144 2839 Pii)
1159 2816 1232 2839 tardi
1293 2815 1419 2839 “dennis
1446 2815 1629 2838 sanctissimo
1655 2813 1811 2837 Benedicto
1837 2813 2028 2844 omnipotenti
2049 2812 2108 2836 Deo
2128 2812 2176 2836 sub

349 2867 440 2883 venne
459 2859 489 2882 in
511 2866 561 2882 uso
582 2859 608 2882 la
630 2859 801 2881 recitazione
821 2860 901 2889 quasi
928 2858 1097 2889 quotidiana
1123 2857 1233 2881 dell’of-
1291 2858 1303 2870 ¹⁴
1316 2856 1439 2888 regulari
1460 2856 1627 2880 nutriendus
1648 2855 1833 2879 institutione
1851 2862 1865 2878 a
1884 2854 2048 2887 parentibus
2062 2856 2103 2878 est
2122 2855 2176 2877 tra-

349 2901 414 2924 ficio
436 2901 478 2924 dei
500 2901 594 2924 morti.
1294 2904 1304 2911 ”
1318 2899 1394 2923 ditus
1408 2916 1430 2929 ,‚.
1467 2900 1527 2923 Act.
1548 2900 1607 2927 SS.⁷
1627 2899 1686 2923 Ian.
1706 2899 1725 2926 I,
1745 2905 1770 2931 p.
1795 2905 1867 2929 ¹040·

435 2941 445 2957 ³
463 2942 545 2966 Nella
567 2944 627 2966 vita
641 2943 670 2966 di
685 2949 757 2974 papa
771 2941 888 2966 Gelasio
902 2941 927 2966 11
940 2942 1035 2972 (Liber
1054 2941 1232 2974 Pontificalis,

2197 770 2235 801 10

2198 1033 2235 1065 15

2197 1491 2239 1522 20

2199 1753 2238 1786 25

2199 2019 2240 2050 30

2206 2190 2239 2207 20

2206 2401 2236 2425 ²5

2204 2608 2238 2633 30

2204 2819 2235 2845 35
