2300 3554
365 202 527 238 VITAE
555 202 818 242 QUATUOR
848 204 1086 239 PRIORUM
1116 204 1375 240 ABBATUM
1407 205 1720 242 CAVENSIUM
1911 209 1954 245 27

130 339 233 370 retur,
256 334 377 366 liventi
395 334 496 371 facie,
515 334 721 367 tumentibus
736 334 847 373 labiis,
865 336 1000 368 cinctus
1016 336 1193 368 doloribus
1209 338 1252 369 ad
1266 341 1273 351 ’
1292 339 1522 370 venerabilem
1542 341 1647 371 virum
1666 341 1824 372 abbatem
1844 352 1954 372 meum

126 386 357 430 Symeonem¹
385 388 490 424 venit,
515 394 645 420 reatum
670 398 766 419 suum
792 388 990 421 confitendo
1013 391 1160 430 aperuit,
1184 396 1217 421 et
1242 392 1352 422 meriti
1378 392 1427 423 sui
1454 393 1526 424 dari
1552 393 1614 424 sibi
1641 403 1763 434 penam
1790 400 1880 425 tante
1899 405 1957 426 au-

128 440 227 472 dacie
253 440 390 484 dignam
417 442 610 483 postulavit.
655 441 721 474 Cui
746 441 963 473 venerandus
987 442 1092 474 abbas
1116 444 1303 485 respondit,
1327 445 1466 476 dicens:
1494 446 1527 476 Si
1554 446 1596 477 ab
1622 447 1679 476 illo
1705 457 1883 488 percussus
1909 459 1956 483 es,

127 503 248 525 curare
274 500 306 526 te
331 494 442 526 nullus
465 494 552 526 alius
575 499 698 536 potest.
745 495 857 526 Iussus
881 505 964 537 ergo
989 497 1177 528 monachus
1201 497 1312 534 rediit,
1338 504 1370 529 et
1395 505 1473 530 ante
1501 500 1720 540 sepulchrum
1755 501 1957 532 venerabilis

83 546 101 578 5
127 546 191 578 viri
214 547 247 578 in
273 547 427 579 oratione
452 552 643 590 prostratus
667 547 771 579 faciei
795 553 828 578 et
853 547 920 579 oris
944 549 1216 580 incolumitatem
1242 551 1439 591 promeruit.
1485 552 1532 583 Os
1558 563 1703 594 nanque,
1728 554 1818 595 quod
1836 555 1880 586 ad
1897 554 1956 584 de-

126 599 340 642 rogationem
357 600 468 632 snncti
490 605 625 642 sputum
650 600 763 637 eiecit,
788 610 986 642 percussum
1011 601 1128 638 doluit,
1153 608 1255 645 atque
1281 614 1321 633 eo
1349 605 1451 636 verba
1476 606 1675 645 proterente
1701 606 1887 647 penitentie
1904 617 1955 637 sa-

125 652 227 684 lutem
253 653 397 695 recepit,
421 659 456 684 ut
480 652 587 695 patris
609 652 659 685 sui
682 652 844 685 iustitiam
871 659 905 685 et
922 653 1086 695 pietatem
1105 661 1225 686 contra
1243 656 1473 688 detractorum
1495 657 1663 689 fallacium
1684 658 1858 700 probaret,
1875 660 1955 701 quia

123 705 280 737 nimirum
305 711 343 738 ut
365 706 530 749 magister
554 705 662 738 bonus
685 712 856 738 errantem
882 707 1065 748 percussit,
1089 714 1122 739 et
1147 714 1183 739 ut
1208 708 1283 749 pius
1307 715 1415 750 pater,
1433 720 1531 752 quem
1551 718 1775 752 percusserat,
1792 714 1954 743 sanavit.'

124 758 222 790 Felix
246 758 360 802 utique
384 759 440 802 qui
465 765 645 802 utrumque
679 759 800 801 potuit,
835 759 997 792 videlicet
1027 767 1060 792 et
1090 761 1320 802 percutiendo
1352 763 1529 803 corrigere
1555 771 1589 795 et
1613 766 1768 797 sanando
1792 766 1953 797 mulcere.
2044 782 2052 794 ι
2077 777 2123 793 κν

63 811 101 842 10
125 811 200 843 Hoc
226 818 339 844 autem
363 812 455 844 idem
480 811 626 853 Sergius
648 813 838 845 monachus
862 823 967 845 senex
991 814 1116 851 retulit,
1140 814 1212 851 sed,
1237 825 1289 846 me
1312 821 1463 856 petente,
1489 817 1663 848 relationis
1679 828 1737 849 sue
1755 819 1955 850 miraculum

124 864 242 896 domni
265 864 397 897 abbatis
419 863 600 909 Symeonis
623 865 818 897 testimonio
842 866 1067 898 confirmavit.

212 917 358 950 Ursinus
380 918 481 950 etiarn
505 919 695 950 monachus
719 927 786 950 non
811 919 913 951 valde
938 919 1020 951 huic
1045 919 1209 952 dissimile
1233 921 1320 953 solet
1344 931 1484 954 narrare
1508 922 1723 954 miraculum.
1771 922 1828 955 Ait
1854 924 1956 961 enim,

124 971 216 1012 quod
241 971 387 1014 quadam
417 971 475 1004 die
497 971 688 1003 Tusciani¹
711 972 805 1014 apud
829 972 1011 1004 ecclesiam
1036 973 1145 1005 sancti
1170 973 1379 1005 Michahelis
1403 975 1600 1019 archangeli
1627 977 1741 1017 plures
1765 977 1956 1008 monasterii

123 1024 250 1056 tratres
274 1030 518 1062 convenerant,
541 1024 632 1056 inter
655 1034 740 1067 quos
756 1024 828 1057 Leo
853 1023 1039 1057 Barisanus
1055 1033 1088 1057 et
1106 1025 1216 1058 Ursus
1239 1027 1420 1059 Ramarius
1435 1028 1456 1058 ³.
1503 1028 1614 1067 Tunc,
1632 1036 1668 1060 ut
1686 1030 1758 1061 tieri
1774 1030 1859 1061 solet
1876 1040 1957 1061 con-

63 1075 98 1108 15
125 1076 372 1116 fabulantibus,
395 1087 508 1110 sermo
532 1077 663 1116 incidit,
686 1083 723 1110 ut
745 1077 908 1110 abbatum
933 1079 1130 1111 monasterii
1156 1090 1262 1121 opera
1287 1086 1322 1112 et
1345 1081 1467 1123 religio
1486 1082 1740 1114 conferrentur.
1787 1083 1858 1115 Sed
1881 1093 1955 1114 cum

123 1130 168 1162 ad
191 1130 350 1162 abbatem
374 1129 512 1163 Petrum
537 1140 672 1163 omnem
696 1131 895 1163 monasterii
919 1137 987 1163 tam
1005 1132 1218 1175 religionem,
1237 1143 1339 1175 quam
1353 1135 1560 1166 exteriorum
1577 1146 1688 1167 rerum
1702 1138 1710 1151 '
1736 1136 1954 1168 collationem
2045 1151 2063 1165 ι.
2081 1152 2123 1169 ³7⁷

122 1183 304 1222 referrent,
329 1184 419 1216 idem
443 1183 589 1218 Ursinus
612 1186 802 1217 monachus
826 1184 1061 1218 laudatoribus
1084 1187 1192 1228 patris
1214 1187 1263 1218 sui
1288 1187 1444 1219 resistere
1462 1188 1682 1221 vehementer
1707 1191 1809 1231 cepit.
1856 1190 1956 1222 Cum-

123 1247 190 1279 que
214 1236 282 1269 iam
305 1247 369 1270 nec
393 1237 666 1270 detractionibus
690 1244 860 1280 parceret,
885 1239 1011 1271 fratres
1036 1250 1113 1270 eum
1136 1249 1276 1271 monere
1301 1247 1479 1282 ceperunt,
1497 1247 1531 1273 ut
1549 1253 1567 1273 a
1584 1242 1712 1274 talibus
1728 1243 1840 1275 verbis
1857 1243 1955 1274 silere

123 1290 309 1323 debuisset.
355 1290 419 1323 Ille
442 1297 556 1323 autem
580 1291 682 1323 silere
705 1291 826 1329 noluit,
849 1293 910 1324 sed
934 1298 1098 1335 quantum
1121 1292 1187 1325 sibi
1212 1293 1354 1335 placuit,
1379 1295 1537 1337 nequiter
1574 1295 1748 1338 loquendo
1781 1297 1955 1337 processit.

57 1343 100 1374 20
124 1343 256 1375 Eadem
281 1353 364 1376 vero
387 1350 501 1382 nocte,
533 1344 603 1383 ille,
635 1354 736 1386 quern
772 1351 962 1387 spreverat,
987 1345 1019 1377 ei
1044 1347 1078 1377 in
1103 1347 1254 1388 sompnis
1288 1347 1457 1389 apparuit,
1492 1354 1596 1390 atque
1628 1349 1670 1381 ab
1701 1359 1742 1380 eo
1775 1350 1954 1392 exquirere

120 1395 286 1429 instanter
309 1397 419 1439 cepit:
443 1396 515 1435 Sic,
538 1397 678 1434 Ursine,
702 1397 752 1429 sic
777 1398 881 1430 debet
915 1399 1104 1430 monachus
1135 1399 1227 1441 loqui
1259 1400 1303 1432 de
1336 1399 1460 1433 abbate
1491 1402 1580 1433 suo?
1605 1401 1675 1440 Qui
1711 1413 1786 1434 cum
1813 1414 1863 1441 ea,
1888 1413 1953 1445 que

121 1449 266 1493 vigilans
289 1450 434 1488 dixerat,
458 1456 676 1489 memoraret,
701 1453 753 1483 et‘
778 1451 886 1488 illum,
911 1453 966 1483 cui
991 1453 1086 1495 quasi
1110 1453 1265 1485 abscenti
1289 1454 1360 1494 (sic)
1383 1454 1588 1492 detraxerat,
1607 1465 1675 1486 non
1691 1455 1799 1487 solum
1817 1467 1955 1498 presen-

121 1508 192 1535 tem
216 1509 386 1541 cerneret,
408 1514 484 1536 cum
511 1514 636 1547 magno
660 1504 782 1536 timore
807 1505 858 1536 sui
882 1511 996 1537 reatus
1011 1505 1075 1537 sibi
1091 1506 1166 1537 dari
1183 1506 1336 1538 veniam'
1353 1507 1570 1548 precabatur.
1611 1508 1675 1540 Vir
1690 1515 1800 1540 autem
1817 1517 1955 1541 sanctus

122 1555 154 1588 ei
178 1555 359 1600 indulgere
382 1556 504 1594 noluit,
529 1557 591 1589 sed
614 1562 694 1589 ante
717 1557 827 1589 altare
850 1558 992 1590 oratorii
1018 1568 1094 1590 eum
1120 1559 1260 1598 ducens,
1283 1560 1434 1602 regulari
1458 1560 1642 1603 discipline
1665 1561 1828 1602 subdidit,
1853 1568 1953 1605 atque

121 1614 189 1640 tam
212 1609 342 1641 acriter
363 1609 549 1642 verberare
573 1610 677 1652 cepit,
700 1616 738 1642 ut
760 1610 851 1642 inter
868 1611 1005 1643 dolores
1029 1611 1247 1653 exclamaret,
1272 1618 1306 1644 et
1329 1613 1411 1656 quid
1436 1613 1611 1645 dormiens
1635 1620 1822 1656 pateretur,
1839 1621 1955 1656 paten-

120 1667 175 1694 ter
197 1661 341 1694 vocibus
362 1663 545 1695 indicaret.
592 1663 748 1706 Cumque
773 1664 898 1696 fratres
920 1665 1142 1703 accederent,
1166 1671 1201 1698 et
1223 1665 1428 1698 clamantem
1447 1668 1646 1705 excitarent,
1663 1668 1816 1700 ordinem
1831 1668 1954 1711 flagel-

120 1715 229 1747 lorum
253 1716 423 1758 exposuit,
447 1722 550 1759 atque
575 1717 620 1748 ad
644 1726 764 1749 eorum
788 1718 969 1749 veritatem
994 1724 1028 1750 et
1050 1717 1170 1750 ultoris
1192 1719 1403 1760 presentiam
1432 1720 1704 1753 confirmandam
1735 1722 1952 1763 scapularum

119 1768 244 1801 livores
267 1774 371 1801 testes
393 1769 565 1811 produxit.
613 1767 720 1807 Quod
745 1770 907 1812 profecto
931 1770 1133 1803 miraculum
1157 1772 1241 1803 mihi
1261 1772 1408 1805 Ursinus
1431 1774 1528 1812 dixit,
1545 1774 1608 1806 sed
1626 1775 1754 1806 certius
1777 1785 1848 1806 rem
1866 1775 1954 1806 scire

121 1821 249 1860 volens,
272 1833 349 1855 cum
375 1823 420 1855 ab
444 1822 534 1855 Urso
558 1822 723 1855 Ramario
747 1834 940 1866 quererem,
964 1834 1000 1857 se
1025 1825 1227 1858 clamantem
1264 1826 1354 1858 inter
1389 1827 1532 1859 verbera
1566 1828 1703 1859 audisse
1737 1828 1832 1866 dixit,
1859 1834 1893 1860 et
1917 1828 1951 1859 in

119 1875 306 1920 evigilante
329 1875 509 1908 verberum
531 1875 632 1920 signa
655 1877 793 1909 vidisse.
839 1876 974 1916 Quibus
990 1878 1148 1910 nimirum
1164 1879 1269 1922 signis
1285 1880 1486 1918 ostenditur,
1503 1891 1571 1923 quo
1588 1881 1640 1912 vir
1655 1887 1793 1913 sanctus
1805 1881 1812 1894 '
1834 1887 1951 1913 eterne

120 1928 298 1971 dignitatis
320 1928 451 1960 honore
474 1928 638 1970 potiatur,
662 1929 721 1971 qui
746 1939 815 1967 eos,
841 1939 927 1972 quos
950 1930 986 1961 in
1010 1930 1077 1962 hoc
1101 1931 1218 1962 seculo
1241 1932 1419 1969 nutrierat,
1443 1938 1478 1965 et
1501 1934 1674 1976 corrigere
1699 1933 1858 1966 docendo
1876 1943 1953 1975 pos-

122 1981 177 2021 sit,
200 1987 235 2014 et
257 1981 540 2024 castigationibus
564 1982 762 2015 emendare.

207 2033 297 2067 Nam
320 2035 374 2067 vir
397 2035 465 2068 vite
489 2035 694 2068 venerabilis
717 2036 820 2068 Oddo
843 2037 1050 2069 vestararius
1062 2037 1083 2077 ⁴,
1101 2039 1181 2081 quia
1197 2049 1320 2082 magne
1338 2039 1493 2072 veritatis
1510 2046 1544 2072 et
1560 2041 1750 2073 sanctitatis
1766 2041 1879 2078 fuerit,
1895 2051 1954 2072 ne-

117 2097 184 2126 mo,
200 2088 259 2131 qui
283 2099 360 2120 eum
383 2088 472 2121 bene
495 2089 600 2130 novit,
623 2089 771 2133 ignorat.
819 2090 885 2123 Hic
907 2091 1023 2133 sepius
1047 2102 1187 2124 narrare
1203 2099 1441 2132 consueverat,
1458 2093 1536 2136 quia
1553 2094 1756 2137 frequenter
1771 2094 1834 2126 sibi
1851 2105 1956 2136 appa-

56 2141 96 2174 35
120 2147 221 2180 reret,
246 2147 280 2174 et
302 2142 385 2180 eius,
408 2143 437 2174 si
460 2142 494 2174 in
519 2142 636 2185 aliqua
658 2150 802 2182 erraret,
826 2144 922 2176 facta
946 2144 1231 2186 reprehenderet.

205 2193 370 2227 Preterea
393 2200 582 2227 memorato
605 2194 730 2238 Sergio
762 2197 933 2229 monacho
958 2197 1136 2230 cuiusdam
1167 2198 1256 2230 male
1289 2200 1549 2232 consuetudinis
1572 2211 1653 2232 usus
1684 2200 1886 2237 inoleverat,
1916 2206 1952 2232 ut

120 2246 155 2278 in
177 2257 246 2278 uno
271 2247 349 2280 loco
373 2247 434 2279 diu
457 2248 542 2280 fixus
565 2258 770 2290 permanere
791 2259 860 2281 non
884 2256 1008 2291 posset.
1056 2249 1214 2288 Quadam
1233 2262 1316 2284 vero
1333 2258 1438 2284 nocte
1454 2253 1662 2285 venerabilis
1685 2259 1783 2295 pater
1800 2255 1831 2284 ei
1848 2264 1952 2295 appa-

118 2299 195 2337 ruit,
219 2305 254 2332 et
277 2299 322 2332 de
345 2300 538 2333 mobilitate
561 2311 622 2333 sua
646 2302 845 2334 terribiliter
868 2303 1064 2346 obiurgans,
1087 2314 1124 2335 se
1140 2315 1216 2336 eum
1233 2306 1267 2336 in
1283 2305 1444 2347 proximo
1468 2312 1706 2338 correct-urum
1730 2307 1874 2338 minatus
1891 2311 1952 2338 est.

119 2351 204 2386 Post
227 2355 316 2385 non'
340 2354 464 2386 multos
486 2365 569 2386 vero
595 2354 669 2387 dies
692 2354 787 2387 idem
811 2355 952 2398 Sergius
976 2355 1020 2387 de
1044 2357 1170 2390 solario
1194 2358 1334 2396 cecidit,
1359 2365 1393 2390 et
1417 2369 1539 2391 coxam
1556 2360 1674 2402 fregit,
1699 2365 1800 2401 atque
1825 2369 1866 2390 ex
1890 2359 1950 2390 illo
2040 2370 2058 2383 t·
2073 2369 2119 2385 ²⁷¹1

54 2406 95 2437 40
116 2405 185 2437 iam
209 2406 265 2438 die
288 2407 532 2439 monasterium
557 2408 828 2441 circumcursare
853 2419 920 2441 non
944 2409 1065 2451 potuit.
1111 2410 1187 2442 Hec
1211 2417 1324 2443 autem
1348 2418 1382 2444 et
1398 2412 1604 2451 huiusmodi,
1620 2413 1740 2444 utiam
1757 2412 1837 2453 dixi,
1853 2418 1952 2454 pater

118 2459 329 2492 venerabilis
356 2459 391 2492 in
427 2460 674 2504 discipulorum
709 2462 928 2495 correctione
960 2463 1086 2496 fecisse
1121 2466 1356 2507 cognoscitur,
1386 2471 1423 2497 ut
1454 2466 1498 2497 ad
1524 2467 1643 2497 horam
1675 2476 1735 2497 sue
1766 2466 1952 2498 vocationis

2021 1463 2096 1486 Men„
2112 1464 2149 1481 228

2044 1526 2061 1542 c,
2079 1526 2123 1543 ην

56 1608 96 1640 25

53 1876 96 1907 30

2042 1896 2059 1911 c.
2078 1896 2124 1913 1711

203 2644 212 2661 ¹
230 2646 362 2671 Simeone
382 2647 412 2671 fu
432 2647 533 2672 abbate
558 2648 586 2672 di
611 2648 690 2673 Cava
716 2649 762 2673 dal
786 2656 852 2681 1124
879 2649 905 2674 al
937 2656 1000 2681 1141

115 2686 163 2719 (cf.
186 2689 383 2719 Introduzione,
402 2696 429 2722 p.
449 2691 502 2722 xv).

202 2727 212 2744 ²
231 2730 254 2754 11
274 2731 368 2755 casale
387 2731 429 2755 sul
451 2732 603 2762 Tusciano,
623 2734 691 2766 oggi
718 2733 850 2758 Olevano
879 2735 921 2758 sul
950 2735 1004 2759 Tu-

115 2771 224 2802 sciano,
243 2772 316 2797 dove
335 2780 381 2797 era
408 2773 436 2798 la
463 2774 557 2799 chiesa
584 2776 613 2799 di
633 2776 660 2800 S.
682 2775 812 2804 Michele,
843 2775 950 2800 donata
970 2777 1004 2800 da

115 2814 282 2839 Guaimario
297 2815 321 2838 V
335 2823 350 2840 a
364 2816 552 2841 sant'Alferio
566 2817 612 2842 nel
628 2823 693 2850 1035
708 2818 750 2848 (C.
762 2819 798 2842 D.
816 2819 853 2847 C.,
867 2818 900 2848 V,
910 2827 937 2851 p.
952 2819 1004 2852 37).

204 2853 215 2870 ³
232 2856 257 2880 11
278 2864 398 2882 monaco
417 2858 490 2882 Urso
507 2858 642 2883 Ramario
663 2867 741 2884 come
767 2861 901 2892 magister
921 2861 1008 2885 castri

115 2899 204 2922 sancti
219 2899 320 2931 Angeli
341 2901 445 2932 prende
459 2902 539 2934 parte
558 2901 676 2926 assieme
689 2902 748 2934 agli
762 2903 830 2926 altri
844 2903 904 2927 boni
921 2904 1004 2926 senio-

116 2947 160 2963 res
179 2942 335 2966 monasterii
353 2942 410 2967 alla
429 2944 599 2967 trattazione
613 2943 641 2968 di
657 2944 734 2968 affari
752 2946 781 2968 in
796 2951 927 2976 presenza
947 2944 1004 2968 del·

117 2982 238 3007 l¹abbate
256 2983 387 3008 simeone
408 2984 452 3009 nel
476 2991 540 3017 1133
556 2993 571 3010 a
590 2985 616 3010 S.
631 2986 792 3019 Arcangelo
813 2987 857 3011 del
879 2987 1004 3018 Cilento,

1060 2651 1106 2674 nel
1129 2658 1196 2683 1140
1216 2653 1245 2675 in
1266 2652 1345 2676 Cava
1364 2659 1378 2676 e
1397 2652 1476 2676 firma
1494 2652 1539 2676 col
1561 2652 1728 2684 cappellano
1749 2651 1894 2676 Giovanni
1911 2652 1947 2682 (v.

1060 2701 1086 2716 n.
1110 2700 1132 2722 1,
1151 2693 1170 2717 l.
1193 2699 1233 2724 15,
1253 2702 1280 2726 p.
1301 2694 1354 2725 26).

1148 2734 1159 2750 ⁴
1181 2734 1290 2764 Questo
1311 2737 1476 2765 vestarario,
1497 2745 1512 2760 o
1540 2738 1783 2761 amministratore
1810 2737 1851 2760 dei
1879 2737 1944 2760 beni

1059 2778 1221 2810 temporali,
1247 2777 1376 2807 Oddone,
1401 2779 1490 2810 figura
1516 2781 1558 2802 tra
1579 2779 1587 2802 i
1607 2779 1669 2802 boni
1691 2780 1806 2802 seniores
1834 2779 1876 2801 nel
1899 2783 1948 2802 set-

1059 2819 1166 2843 tembre
1188 2826 1254 2851 ¹133
1276 2819 1321 2851 (A.
1337 2820 1376 2846 C..
1392 2819 1492 2850 XXIII,
1506 2819 1551 2850 46)
1566 2827 1579 2843 e
1599 2820 1643 2843 nel
1667 2826 1732 2852 1135
1754 2820 1809 2844 alla
1835 2820 1947 2844 restitu-

1059 2861 1140 2884 zione
1160 2861 1232 2885 satta
1256 2862 1291 2885 da
1311 2861 1427 2891 Matteo,
1448 2861 1526 2893 figlio
1546 2863 1573 2885 di
1590 2860 1748 2889 Gualterio,
1768 2864 1889 2884 maestro
1903 2861 1946 2884 del

1060 2902 1178 2927 castello
1197 2903 1226 2927 di
1245 2903 1339 2928 Roeca
1365 2903 1490 2931 Cilento,
1510 2905 1538 2928 di
1561 2904 1660 2927 alcune
1687 2906 1759 2927 terre
1779 2904 1842 2927 date
1862 2910 1877 2927 a
1898 2911 1947 2926 suo

1059 2946 1145 2977 padre
1165 2945 1210 2968 nel
1234 2945 1300 2969 1118
1320 2946 1395 2977 dagli
1412 2946 1508 2970 abbati
1528 2953 1577 2969 san
1598 2946 1691 2969 Pietro
1706 2954 1718 2969 e
1739 2952 1787 2969 san
1802 2944 1947 2969 Costabile

1060 2987 1106 3019 (A.
1127 2987 1170 3017 C.‚
1190 2986 1291 3017 xxm,
1314 2986 1381 3018 102).

1980 2658 2010 2675 10
