2280 3476
88 392 162 414 Μυκ..
178 392 217 414 238

85 1938 158 1960 Mun.¹
175 1943 213 1961 ²³9

222 2841 253 2858 10

793 142 988 178 STORIA
1015 142 1196 178 DELLA
1224 142 1587 178 DEDICAZIONE

277 277 428 318 undique
454 275 562 307 omnis
586 274 793 306 conditionis
815 280 849 306 et
872 284 980 315 sexus,
1006 274 1153 306 virorum
1170 285 1210 306 ac
1227 274 1404 306 mulierum
1428 274 1609 306 multitudo
1626 274 1806 306 confluxit:
1826 275 1927 318 longe
1952 285 2098 318 namque

278 332 412 372 lateque
435 341 470 361 se
495 340 530 360 se
555 335 656 360 antea
679 327 851 370 gerendae
874 328 924 359 rei
946 329 1168 370 praeconium
1191 328 1438 370 divulgaverat.

367 382 480 414 Pridie
504 382 608 423 igitur
637 392 738 423 quam
768 387 895 413 statuta
925 381 998 413 dies
1029 380 1315 413 Consecra'tionis
1345 382 1491 423 adesset,
1524 381 1684 413 Urbanus
1714 381 1878 414 Pontifex
1904 383 2099 414 sexdecim¹

276 436 579 467 Illustrissimorum
603 434 837 466 Cardiualium
860 433 989 465 Senatu
1018 435 1261 474 circumdatus,
1284 445 1351 466 una
1375 445 1453 466 cum
1478 434 1704 467 Serenissimo
1728 435 1824 467 Duce
1841 435 2009 478 Rogerio,
2023 436 2101 467 reli-

276 499 486 532 quorumque
511 489 685 527 comitatu,
709 498 727 518 e
743 487 958 520 Salernitana
976 488 1127 526 civitate,
1143 487 1298 520 Cavense
1314 488 1562 520 Monasterium
1579 488 1748 530 petiturus
1772 488 1956 531 egreditur.
2001 489 2101 521 Cum-

277 553 343 584 que
367 542 415 572 sic
440 551 588 583 pergens
611 550 721 582 prope
745 540 958 572 Coenobium
982 540 1205 581 pervenisset,
1229 540 1286 582 pio
1310 540 1422 572 animo
1447 541 1511 572 loci
1538 542 1731 584 recogitans
1754 543 1980 579 sanctitatem,
2004 542 2101 574 Reli-

274 595 385 638 gionis
408 594 579 636 singulare
603 604 735 631 munus,
759 593 1011 625 Monachorum
1035 593 1164 625 ibidem
1181 593 1377 635 degentium
1393 604 1504 625 mores
1522 595 1708 637 angelicos,
1724 594 1881 637 Magistri
1905 596 1955 626 sui
1977 596 2100 637 ingens

276 647 444 685 meritum,
468 653 501 678 et
524 647 647 678 itinera
676 647 752 688 ipsa
784 645 986 678 Sanctorum
1017 645 1165 687 pedibus
1197 646 1354 683 contrita,
1385 647 1430 678 ad
1451 646 1655 690 ‚Rogerium
1686 648 1829 685 Ducem,
1861 648 2013 691 aliosque
2041 649 2099 690 qui

273 711 389 732 secum
420 700 574 738 aderaut,
608 699 790 731 Pontificia
821 701 998 732 maiestate
1032 710 1239 731 conversus:
1283 699 1492 742 “Indignum
1525 706 1586 738 est,
1610 701 1731 743 inquit,
1764 701 1835 738 filii,
1868 701 1978 733 locum
2005 701 2099 733 illum

279 756 409 796 “quem
440 753 600 785 coelitum
635 753 738 785 vitam
769 759 931 795 gerentes
961 753 1125 791 incolunt,
1157 763 1293 795 quaque
1326 753 1426 785 nudis
1457 753 1584 794 plantis
1615 760 1772 796 pergunt,
1804 764 1865 785 nos
1896 760 2098 795 peccatores

279 808 293 823 “
305 808 403 839 aliter
427 818 528 849 quam
551 807 729 848 pedestres
752 806 847 838 adire
861 830 890 846 „.
937 806 1000 838 His
1017 806 1123 839 dictis
1139 806 1173 837 in
1190 813 1316 838 terram
1333 816 1375 838 ex
1392 816 1481 848 equo
1499 807 1664 838 desiliens
1676 805 1699 844 ²,
1715 806 1960 838 Monasterium
1984 817 2100 839 versus

274 861 389 901 coepit
413 860 573 901 pedester
598 860 657 891 ire.
702 859 743 891 Id
767 860 876 901 ipsum
900 859 1074 902 Rogerius
1092 860 1170 890 Dux
1186 859 1385 901 caeterique
1402 869 1519 891 omnes
1536 860 1683 891 maxima
1701 871 1777 892 cum
1794 860 1978 892 devotione
2002 860 2099 892 fece-

277 920 364 945 runt.
413 912 479 945 Vix
502 923 562 953 per
586 912 711 954 lapidis
735 913 863 945 iactum
888 913 967 944 inde
991 918 1221 954 processerat,
1246 923 1322 943 cum
1349 912 1379 943 ei
1401 913 1598 944 veneranda
1632 913 1758 945 canitie
1784 914 1942 952 decorus
1974 914 2099 945 Mona-

276 967 417 998 chorum
442 965 647 998 Cavensium
671 975 799 997 corona
823 966 975 1007 stipatus,
999 972 1197 998 reverenter
1228 966 1380 997 occurrit
1411 965 1538 997 Beatus
1569 965 1709 1002 Petrus3
1741 976 1886 1007 moxque
1918 975 1996 1006 cum
2028 965 2095 998 suis

274 1019 430 1051 omnibus
453 1029 570 1050 coram
594 1019 740 1054 Summo,
760 1018 930 1050 Pontifice
960 1019 1179 1062 genuflectit.
1225 1018 1270 1050 At
1300 1017 1360 1049 ille
1393 1028 1468 1050 eurn
1502 1029 1521 1049 a
1553 1023 1645 1049 terra
1668 1019 1753 1060 erigi
1777 1018 1908 1056 iubens,
1931 1018 2096 1060 'flagranti
2123 1018 2160 1050 15

275 1073 378 1104 corde
403 1073 661 1113 complectitur:
686 1079 755 1104 tum
781 1073 931 1114 reliquos
955 1072 1093 1103 Fratres
1117 1082 1239 1103 sereno
1264 1071 1358 1103 vultu
1381 1072 1518 1102 intuens
1541 1071 1728 1109 benedicit,
1746 1070 1940 1113 blandeque
1962 1071 2096 1103 salutat.

272 1126 325 1158 Illi
351 1136 428 1157 vero
453 1125 608 1157 demissis
631 1124 861 1167 adspectibus,
885 1131 1023 1166 totoque
1048 1125 1208 1166 prostrati
1227 1135 1374 1166 corpore
1391 1124 1501 1166 ipsum
1517 1134 1608 1166 genu
1626 1124 1719 1156 flexo
1744 1124 1918 1156 humiliter
1939 1123 2095 1160 adorant,

272 1179 542 1221 admirandaque
565 1179 717 1210 nascitur
741 1179 900 1221 utrinque
925 1178 1113 1217 contentio,
1137 1177 1218 1210 dum
1242 1178 1291 1209 illi
1316 1177 1351 1208 in
1375 1178 1502 1219 pedum
1527 1177 1645 1209 oscula
1672 1183 1784 1216 ruunt,
1814 1177 1871 1208 hic
1902 1187 1983 1209 vero
2015 1178 2096 1209 Fra-

273 1239 361 1264 trum
385 1243 520 1264 suorum
545 1232 786 1264 benevolentia
810 1238 930 1272 motus,
954 1232 1085 1263 medios
1110 1232 1205 1273 cupit
1228 1231 1402 1272 amplecti.

360 1285 443 1317 Post
465 1287 551 1317 haec
576 1285 611 1316 in
636 1286 772 1328 hymnis
801 1292 834 1317 et
866 1285 1010 1316 canticis
1042 1286 1168 1316 devote
1199 1284 1393 1325 psallenteS,
1425 1285 1517 1325 ipum
1548 1284 1592 1315 ad
1624 1283 1870 1315 Monasterium
1902 1284 2091 1316 deducunt.
2115 1284 2157 1315 20

272 1339 341 1371 Ubi
366 1340 494 1380 primus
518 1339 666 1371 omnium
691 1339 853 1370 Pontifex
870 1339 1054 1379 Templum
1078 1337 1280 1380 ingreditur,
1305 1337 1561 1370 Sacratissimae
1579 1337 1818 1369 Eucharistiae
1836 1336 1974 1369 reddito
1991 1336 2095 1373 cultu,

273 1394 318 1425 ad
342 1404 482 1434 specum
500 1403 535 1423 se
552 1392 702 1429 confert,
719 1391 938 1423 Sacratorum
956 1391 1094 1423 Patrum
1112 1391 1270 1432 Alpherii
1289 1397 1321 1422 et
1336 1390 1464 1422 Leonis
1488 1390 1707 1423 deosculatur
1730 1397 1959 1427 monumenta,
1983 1390 2096 1433 lacry-

273 1446 336 1478 mis
367 1446 464 1488 rigat‚
496 1446 623 1487 diuque
655 1445 812 1483 substitit,
843 1455 882 1476 ac
914 1444 984 1477 diei
1019 1444 1110 1476 illius
1142 1445 1308 1486 reliquum
1340 1444 1532 1476 affabiliter
1563 1453 1639 1475 cum
1672 1443 1781 1475 Beato
1813 1442 1926 1484 Petro,
1950 1443 2093 1485 aliisque

273 1500 443 1531 nonnullis
466 1499 652 1537 monachis,
677 1509 761 1540 quos
785 1499 819 1529 in
843 1499 1033 1530 monastica
1057 1498 1319 1529 conversatione
1344 1498 1474 1540 degens
1497 1504 1599 1530 antea
1630 1505 1786 1534 noverat,
1808 1498 1843 1529 in
1867 1497 2093 1529 familiaribus

273 1552 454 1594 colloquiis
478 1551 651 1593 expendit.
698 1551 769 1583 Sed
794 1557 827 1583 et
851 1557 952 1582 nocte
978 1552 1052 1592 ipsa
1075 1560 1151 1582 cum
1177 1551 1309 1582 eisdem
1335 1550 1510 1582 Fratribus
1532 1552 1716 1583 matutinas
1739 1552 1859 1583 laudes
1881 1551 2090 1583 solemmiter
2114 1550 2155 1582 25

274 1606 559 1648 persolventibus,
583 1607 725 1637 devotus
748 1605 916 1636 interfuit.

362 1659 526 1702 Sequenti
551 1669 632 1691 vero
657 1669 754 1690 mane
779 1658 980 1689 necessariis
1003 1659 1046 1690 de
1071 1668 1164 1689 more
1197 1658 1336 1699 paratis,
1367 1657 1531 1689 Pontifex
1562 1658 1704 1690 solemni
1735 1669 1862 1700 pompa
1892 1658 2096 1700 procedens,

274 1714 518 1745 Sanctissimae
541 1713 723 1744 Trinitatis
747 1712 885 1744 nomine
909 1712 1082 1748 invocato,
1099 1711 1312 1743 adstantibus
1330 1711 1509 1743 Fratribus
1525 1711 1596 1742 suis
1612 1711 1924 1743 Reverendissimis
1940 1710 1974 1743 S.
1991 1710 2035 1742 R.
2053 1711 2094 1743 E.

275 1767 456 1809 Episcopis
480 1767 617 1799 Ubaldo
642 1766 835 1803 Sabinensi,
859 1764 981 1797 Odone
1006 1764 1207 1803 Albanensi‚
1224 1764 1378 1796 Berardo
1396 1763 1632 1802 Praenestino,
1649 1765 1801 1796 Iohanne
1826 1765 2095 1802 Tuscolanense,

273 1820 434 1851 Brunone
466 1820 619 1862 Signino,
653 1819 830 1861 Rangerio
861 1818 1046 1861 Regitano,
1078 1818 1238 1850 Gerardo
1269 1817 1432 1855 Troiano,
1464 1817 1619 1850 Iohanne
1652 1818 1856 1860 Rapollano‚
1880 1817 2093 1850 adstantibus
2116 1817 2158 1848 30

271 1884 406 1916 quoque
432 1873 466 1905 S.
491 1873 533 1905 R.
558 1873 598 1904 E.
623 1872 838 1914 Presbyteris
862 1870 1101 1902 Cardinalibus
1125 1871 1322 1902 Hermanno
1347 1870 1444 1902 titulo
1468 1877 1613 1912 quatuor
1642 1870 1899 1908 Coronatorum,
1924 1870 2094 1914 Gregorio

279 1927 376 1958 titulo
402 1926 519 1958 Sancti
545 1925 679 1962 Vitalis‚
703 1924 893 1956 Benedicto
917 1923 1016 1955 titulo
1040 1923 1188 1955 Sanctae
1214 1923 1404 1961 susannae,
1432 1930 1534 1965 atque
1559 1925 1662 1956 etiam
1688 1924 1897 1957 Diaconibus
1919 1923 2096 1956 Car'dina-

274 1980 360 2011 libus
384 1979 556 2021 Gregorio
581 1989 622 2010 ex
646 1977 814 2009 Diaconia
838 1977 984 2009 Sanctae
1008 1975 1139 2007 Mariae
1158 1976 1194 2007 in
1212 1976 1276 2007 Via
1292 1976 1372 2012 lata,
1390 1977 1542 2008 Iohanne
1559 1988 1600 2008 ex
1618 1976 1784 2010 Diaconia
1800 1978 1948 2010 Sanctae
1965 1976 2096 2008 Mariae

273 2034 308 2065 in
334 2032 461 2065 Schola
486 2032 631 2069 Graeca,
655 2031 758 2062 Petro
782 2041 824 2062 ex
849 2030 1018 2062 Diaconia
1040 2030 1075 2061 in
1100 2028 1227 2061 Sancto
1251 2028 1416 2068 Adriano,
1439 2030 1566 2062 Iacobo
1583 2042 1624 2062 ex
1640 2031 1811 2062 Diaconia
1835 2030 1953 2062 Sancti
1977 2030 2097 2061 Eusta-

275 2087 356 2124 chii,
379 2092 413 2117 et
436 2085 604 2117 Teutione
629 2095 671 2115 ex
695 2084 861 2115 Diaconia
886 2083 1005 2115 Sancti
1030 2083 1169 2125 Georgii
1195 2083 1238 2114 ad
1256 2082 1380 2114 Velum
1406 2093 1556 2120 aureum,
1573 2090 1732 2124 presente
1750 2084 1851 2115 etiam
1869 2083 2093 2115 Serenissimo
2117 2082 2158 2114 35

274 2140 371 2171 Duce
394 2139 560 2182 Rogerio‚
585 2149 662 2171 cum
685 2138 861 2168 innumera
884 2137 941 2167 illa
965 2137 1165 2177 Principum
1198 2136 1427 2174 multitudine,
1455 2136 1679 2174 Clericorum‚
1705 2136 1953 2178 Laicorumque
1982 2136 2095 2177 copia,

275 2194 318 2225 ad
342 2193 521 2224 invocatae
546 2191 789 2224 Sanctissimae
814 2190 992 2222 Trinitatis
1023 2191 1198 2227 honorem,
1225 2189 1302 2230 ipse
1327 2188 1483 2220 Summus
1514 2189 1682 2221 Pontifex
1709 2188 1867 2221 Urbanus
1890 2188 1922 2220 II
1946 2188 2093 2230 propriis

274 2246 429 2278 manibus
452 2246 643 2276 Cavensem
666 2243 852 2275 Basilicam
876 2243 1101 2275 caeremoniis
1125 2253 1165 2274 ac
1190 2241 1310 2274 ritibus
1333 2243 1578 2274 solemnissime
1602 2242 1786 2283 dedicavit,
1810 2241 2036 2284 apposuitque
2059 2241 2096 2272 in

273 2300 405 2342 signum
429 2308 656 2330 marmoreum
682 2296 830 2339 lapidem
853 2297 919 2329 hac
943 2296 1170 2338 inscriptione
1195 2301 1368 2327 notatum:

2146 489 2164 520 5

2125 755 2164 786 10

366 2454 371 2469 ¹
394 2456 432 2479 La
452 2456 525 2479 bolla
545 2455 589 2479 del
603 2455 726 2487 gennaio
744 2461 808 2486 1093
825 2461 858 2478 ne
872 2455 983 2478 ricorda
998 2454 1060 2478 solo
1074 2454 1157 2484 diecl,

278 2498 305 2522 la
326 2500 413 2522 storia
433 2499 516 2521 breve
539 2505 577 2529 ¹3·

364 2538 374 2555 ²
387 2539 495 2564 L'altro
510 2542 583 2563 testo
597 2540 670 2563 della
689 2540 810 2563 Historia
824 2537 863 2571 (V.
877 2539 945 2563 Acta
960 2539 1018 2566 SS„
1038 2539 1122 2563 Mart.
1139 2540 1159 2568 Ι,

279 2581 350 2615 335),
363 2590 377 2606 a
392 2584 489 2613 questo
504 2584 603 2614 punto,
617 2582 744 2606 riferisce
758 2582 814 2611 che,
830 2583 859 2605 in
875 2582 1007 2605 memoria
1022 2582 1065 2605 del
1081 2582 1162 2610 fatto,

278 2626 307 2648 in
327 2626 391 2656 quel
411 2626 494 2656 posto
515 2625 543 2648 fu
562 2624 691 2648 edificata
710 2632 765 2648 una
786 2624 931 2655 cappella:
954 2626 982 2647 in
1003 2626 1102 2655 questo
1123 2626 1160 2648 te-

278 2670 322 2692 sto
343 2675 400 2691 uon
419 2675 446 2691 se
467 2675 500 2691 ne
520 2669 581 2691 (lice
602 2668 689 2698 nulla,
712 2666 812 2699 perche
832 2668 878 2690 dal
902 2674 976 2698 15¹3·
999 2668 1113 2691 erettasi
1135 2667 1161 2690 la

279 2717 372 2734 nuova
391 2710 505 2734 Diocesi
527 2710 553 2733 di
574 2709 658 2737 Cava,
679 2710 736 2733 tale
756 2709 885 2742 cappella
899 2717 956 2732 non
971 2711 1161 2741 apparteneva

278 2750 328 2784 piii
348 2752 404 2775 alla
423 2751 627 2784 giurisdizione
647 2752 691 2775 del
713 2754 881 2775 monastero.
917 2750 960 2774 Ivi
976 2758 1022 2775 era
1036 2759 1091 2775 una
1105 2752 1161 2782 pie-

279 2797 322 2818 tra
341 2794 461 2823 elevata,
480 2794 553 2817 sulla
573 2794 655 2824 quale
675 2794 695 2817 il
716 2801 796 2825 papa,
813 2793 936 2817 secondo
951 2794 977 2817 la
992 2793 1161 2821 tradizione,

279 2837 301 2859 si
316 2836 429 2859 sarebbe
444 2837 580 2868 poggiato
595 2842 642 2866 per
656 2836 785 2859 scendere
799 2836 833 2859 da
848 2835 967 2859 cavallo.
1004 2832 1058 2859 Pii:
1075 2834 1159 2863 tardi,

278 2876 408 2899 edificata
428 2875 587 2899 un'edlcola
608 2875 830 2907 coll'immagine
856 2876 884 2899 di
909 2876 1009 2905 Maria,
1036 2875 1065 2899 fu
1085 2875 1160 2898 chia-

280 2920 355 2943 mata
373 2918 459 2944 Santa
473 2918 563 2942 Maria
577 2918 652 2943 della
666 2919 760 2943 Pietra
774 2920 869 2950 santa;
883 2918 926 2942 nel
942 2917 1017 2948 1616,
1030 2918 1076 2942 dai
1091 2926 1162 2942 com-

1214 2455 1334 2486 ponenti
1349 2455 1375 2479 la
1395 2454 1611 2479 Confraternita
1631 2453 1706 2478 dello
1726 2454 1835 2486 Spirito
1852 2454 1940 2480 Santo
1962 2456 1993 2482 di
2006 2457 2101 2491 Corpo

1214 2495 1243 2518 di
1263 2494 1350 2524 Cava,
1372 2494 1400 2519 su
1418 2496 1558 2520 costruita
1578 2502 1632 2519 una
1645 2496 1752 2526 grande
1763 2495 1901 2527 cappella.
1917 2498 1962 2521 nel
1978 2499 2024 2522 cui
2038 2507 2101 2523 cen-

1215 2540 1259 2562 tro
1281 2538 1308 2562 su
1329 2540 1496 2562 conservato
1517 2539 1538 2562 il
1560 2545 1660 2566 masso,
1680 2537 1854 2567 eall‘altare,
1868 2542 1989 2565 accanto
2004 2541 2103 2567 all'an-

1215 2581 1273 2604 tico
1299 2579 1404 2611 quadro
1433 2581 1507 2604 della
1536 2579 1691 2609 Madonna,
1717 2580 1766 2604 che
1785 2579 1800 2604 “e
1820 2581 1864 2604 del
1887 2588 1962 2614 1599,
1993 2583 2100 2609 furono

1216 2624 1296 2653 poste
1315 2623 1366 2646 due
1386 2624 1478 2646 statue
1503 2622 1532 2646 di
1558 2624 1662 2649 stucco,
1689 2630 1743 2646 una
1769 2623 1813 2646 del
1840 2623 1871 2647 B.
1896 2624 2014 2650 Urbano
2036 2625 2062 2649 H
2087 2633 2101 2649 e

1214 2664 1309 2688 l'altra
1328 2663 1498 2688 dell'abbate
1517 2670 1566 2687 san
1585 2663 1690 2687 Pietro.
1728 2664 1761 2688 V.
1780 2672 1828 2695 per
1846 2667 1943 2696 queste
1957 2667 2066 2690 notizie
2080 2666 2101 2690 il

1215 2707 1401 2730 manoscrltto
1421 2706 1464 2729 dcl
1487 2704 1642 2736 ηοω-1716
1661 2706 1704 2729 del
1725 2713 1785 2730 can.
1805 2706 1940 2732 ΜῙοΗΕιΕ
1959 2709 2101 2738 suzan-0,

1214 2750 1388 2773 Deserit-ione
1415 2750 1484 2773 dello
1510 2752 1579 2772 stato
1599 2757 1611 2771 ε
1633 2749 1683 2772 sito
1703 2750 1776 2773 della
1801 2750 1887 2774 chiesa
1907 2751 1936 2774 di
1955 2751 1983 2775 S.
2004 2751 2101 2775 Maria

1214 2792 1363 2822 Maggiore
1382 2791 1412 2814 di
1431 2792 1515 2820 Carpo
1535 2791 1565 2813 di
1585 2791 1668 2818 Cava,
1695 2793 1862 2815 conservato
1890 2791 2101 2816 nell’Archivio

1213 2832 1419 2858 Parrocehiale.
1440 2831 1484 2856 Cf.
1499 2832 1654 2857 MORCALm
1669 2832 1716 2861 M„
1735 2834 1791 2858 Una
1805 2833 1876 2858 bolla
1891 2834 1920 2857 di
1938 2834 2043 2858 Urbano
2060 2835 2099 2864 II,

1214 2876 1328 2907 Napoli,
1352 2874 1428 2905 1880,
1451 2882 1476 2907 p.
1496 2883 1521 2907 9.

2132 2550 2162 2575 1⁵

2129 2757 2163 2776 20
