2280 3476
142 653 216 677 litua„
230 656 268 674 233

280 2001 310 2017 10

281 2213 309 2237 ²5

280 2418 313 2435 20

281 2629 312 2653 25

337 140 385 174 32
572 119 735 173 VITAE
764 136 1027 175 QUATUOR
1054 135 1297 171 PRIORUM
1327 133 1584 170 ABBATUM
1616 134 1925 170 CAVENSIUM

334 269 522 302 monachus
545 279 635 300 nunc
661 268 762 300 etiam
787 267 892 299 abbas
915 267 1026 299 sancti
1048 266 1230 298 Benedicti
1244 265 1263 305 ¹,
1280 272 1427 307 preerat,
1445 271 1545 308 atque
1562 265 1599 297 in
1615 265 1686 297 eius
1703 265 1868 307 obsequio
1884 265 2007 297 Petrus
2024 265 2161 308 quidam

335 323 481 356 famulus
505 322 688 363 deputatus
713 327 794 352 erat.
842 319 921 357 Que
944 320 1103 362 profecto
1127 319 1224 351 navis
1254 319 1344 351 inter
1374 317 1528 351 Siciliam
1552 324 1586 351 et
1609 318 1764 350 Africam
1795 317 1994 360 gravissima
2025 324 2157 359 tempe-

334 383 420 410 state
446 380 614 416 correpta,
639 381 672 406 et
695 374 844 406 vicinam
868 373 919 405 sui
942 372 1196 411 resolutionem,
1229 379 1262 404 et
1293 373 1441 404 omnium
1475 371 1649 404 interitum
1680 370 1883 403 minabatur.
1929 371 1999 402 Iam
2031 371 2158 413 quippe

334 436 435 462 naute
461 427 708 461 collaborando
733 427 946 465 defecerant,
971 432 1004 458 et
1026 426 1280 468 ingredientem
1304 436 1428 468 aquam
1452 424 1636 468 prohibere
1653 434 1697 456 ne
1713 424 1866 461 intraret,
1890 431 1947 457 aut
1970 434 2035 467 que
2059 425 2162 456 intra-

334 489 430 516 verat
452 482 566 514 eicere
590 491 651 523 pre
676 480 874 512 lassitudine
900 490 967 511 non
991 479 1160 511 valebant.
1207 478 1363 521 Cumque
1380 478 1448 510 iam
1465 478 1573 510 omnis
1590 488 1667 520 spes
1682 477 1799 509 salutis
1814 475 1974 515 abesset‚'
1991 487 2052 518 pre
2069 477 2161 508 tedio

334 534 532 569 dormitanti
556 534 726 566 monacho
751 533 802 564 vir
826 538 962 564 sanctus
987 533 1155 574 apparuit,
1180 538 1214 564 et
1237 532 1296 574 qui
1321 531 1510 564 salvatoris
1532 531 1689 572 exemplo
1713 531 1873 562 mundum
1900 530 2042 568 vicerat,
2057 529 2162 571 ipsius

333 589 432 623 etiam
457 587 563 619 verba
586 586 806 618 exortationis
830 586 981 627 protulit,
1008 584 1149 616 dicens:
1174 585 1347 617 Confidite
1372 590 1406 615 et
1428 583 1535 616 nolite
1559 584 1678 615 timere
1688 582 1710 615 ².
1751 583 1864 621 Quem
1882 594 1958 614 curn
1975 583 2163 614 monachus

336 647 504 679 cerneret,
528 639 659 682 ro'gare
682 638 876 677 videbatur,
900 645 935 670 ut
959 649 1079 669 navem
1103 638 1154 670 sui
1177 637 1374 669 monasterii
1399 643 1434 669 et
1450 642 1571 668 nautas
1587 637 1630 668 de
1646 636 1803 668 instantis
1819 635 1992 679 naufragii
2008 635 2163 676 periculo

333 695 507 727 liberaret.
553 693 617 724 Cui
640 692 710 729 ille,
734 698 770 724 ut
794 697 868 724 erat
891 691 1031 734 benigni
1057 691 1170 722 vultus
1195 697 1228 722 et
1250 691 1395 728 habitus,
1420 689 1607 731 respondit,
1635 690 1772 721 dicens:
1796 689 1871 731 Ego
1895 699 2018 720 navem
2043 688 2163 730 eripio,

335 755 368 781 et
391 746 632 779 monasterium
657 745 833 777 custodire
857 755 927 776 non
952 755 1059 776 cesso.
1106 744 1159 776 En
1181 744 1248 775 iam
1272 743 1502 785 tranquillitas
1525 741 1740 780 refundetur,
1764 742 1858 774 venti
1889 741 2049 780 silebunt,
2073 741 2162 772 freta

335 802 514 845 quiescent
525 799 547 832 ³.
594 798 665 830 Sed
689 799 787 835 vade,
811 797 866 829 dic
885 798 1045 841 Symeoni
1070 797 1196 834 abbati,
1220 803 1256 828 ut
1280 807 1405 838 corpus
1428 807 1539 828 meum
1565 795 1665 834 levet,
1690 801 1793 837 atque
1810 795 1846 826 in
1869 795 2052 836 sepulchro
2075 804 2161 835 meo,

333 856 426 899 quod
449 855 486 885 in
509 853 657 885 ecclesia
680 852 763 882 mihi
787 857 1004 892 paraverant,
1028 851 1202 883 collocent
1214 851 1236 882 ⁴.
1283 850 1415 883 Eadem
1432 850 1516 882 hora
1532 849 1634 881 etiam
1652 849 1812 890 predicto
1828 848 1949 880 Petro'
1969 848 2164 880 monasterii

335 907 465 941 famulo
489 907 524 937 in
549 916 652 948 prora
676 905 774 936 navis
796 915 862 936 nec
885 915 973 946 pene
999 904 1193 942 dormienti,
1218 914 1282 935 nec
1307 914 1350 935 ex
1373 908 1446 935 toto
1477 902 1634 945 vigilanti
1664 902 1836 944 apparuit,
1859 908 1893 932 et
1923 902 2043 934 eadem
2068 900 2164 932 dixit.

336 963 491 1002 Cumque
516 959 559 991 ad
582 969 619 990 se
642 958 770 1000 pariter
793 958 975 996 redissent,
998 963 1114 989 mutuo
1146 968 1212 999 que
1244 957 1413 993 viderant,
1446 956 1664 993 enarrabant,
1694 966 1770 987 curn
1802 965 1899 995 ecce,
1930 955 2024 996 quod
2055 953 2160 985 facile

334 1013 444 1046 audiri
468 1018 610 1054 poterat,
636 1011 733 1043 credi
750 1010 900 1047 difficile,
925 1021 1066 1052 parvum
1092 1010 1178 1041 illud
1202 1009 1455 1041 transeuntibus
1480 1009 1617 1051 equoris
1641 1008 1794 1050 spacium
1826 1007 2014 1039 contrarius
2042 1013 2163 1038 ventus

335 1068 437 1105 siluit,
460 1076 554 1097 mare
579 1065 722 1107 quievit,
746 1070 779 1096 et
802 1063 898 1095 navis
921 1062 1118 1095 monasterii
1142 1063 1303 1095 secundis
1328 1062 1471 1104 impulsa
1495 1061 1631 1094 flatibus
1644 1060 1664 1102 ⁵,
1690 1061 1733 1092 ad
1758 1067 1911 1103 optatum
1935 1060 2058 1092 Africe
2083 1070 2163 1102 por-

336 1129 407 1154 tum
432 1119 525 1152 venit
537 1117 559 1150 ⁶.

422 1173 462 1204 In
485 1173 605 1204 eadem
630 1181 712 1203 vero
736 1170 902 1202 Africana
927 1170 1066 1202 civitate
1082 1180 1137 1201 res
1162 1180 1248 1211 eque
1273 1169 1439 1200 mirabilis
1462 1174 1539 1200 acta
1565 1174 1626 1206 est,
1651 1179 1727 1211 que,
1759 1167 1838 1210 quia
1862 1168 1970 1199 sancti
1998 1167 2063 1198 viri
2087 1177 2165 1208 pre-

335 1227 435 1260 conio
471 1224 642 1261 convenit,
665 1223 799 1256 silentio
826 1223 1006 1265 comprimi
1030 1232 1246 1265 nequaquam
1271 1222 1385 1254 debet.

1431 1222 1509 1254 Rex
1543 1221 1681 1263 quidem
1706 1220 1858 1252 eiusdem
1890 1220 2040 1251 civitatis
2070 1229 2165 1251 com-

2191 741 2228 772 10

2191 1005 2227 1037 15

336 1286 447 1324 perto,
471 1278 564 1321 quod
587 1276 632 1309 ad
656 1276 919 1319 expugnandam
944 1275 1100 1307 Africam
1126 1275 1256 1307 navalis
1281 1275 1465 1307 exer‘citus
1489 1274 1683 1306 mitteretur
1695 1275 1718 1311 ⁷,
1743 1283 1859 1305 omnes
1875 1273 2089 1310 christianos,
2107 1273 2164 1314 qui
2188 1272 2230 1304 20

335 1334 407 1366 illic
431 1337 541 1369 erant,
564 1330 714 1366 retinuit,
738 1340 802 1361 nec
826 1330 941 1361 redire
966 1330 1009 1361 ad
1032 1328 1174 1370 propria
1198 1329 1407 1360 sinebantur.

1456 1327 1615 1359 Prefatus
1646 1326 1751 1369 igitur
1774 1327 1881 1358 frater
1904 1325 2104 1358 monasterii
2128 1325 2162 1356 in

335 1396 460 1429 magna
484 1384 640 1427 angustia
664 1383 803 1424 positus,
828 1383 918 1425 quia,
942 1389 978 1414 ut
1003 1381 1148 1418 volebat,
1172 1391 1249 1413 cum
1273 1381 1395 1422 emptis
1420 1380 1593 1412 mercibus
1617 1380 1731 1411 redire
1763 1390 1831 1410 non
1861 1385 2006 1421 poterat,
2038 1388 2165 1410 memo-

337 1440 402 1472 rati
425 1438 532 1481 patris
555 1448 624 1468 non
648 1436 812 1469 dissimile
837 1435 999 1467 auxilium
1024 1435 1139 1467 sensit.

1186 1434 1381 1466 Videbatur
1405 1434 1492 1466 enim
1519 1433 1582 1465 sibi
1609 1434 1644 1465 in
1664 1434 1837 1476 sompniis,
1862 1434 1942 1476 quia
1966 1433 2001 1464 in
2017 1433 2165 1465 vinculis

337 1495 467 1537 positus
491 1498 592 1526 esset,
615 1502 634 1522 a
657 1490 779 1532 quibus
803 1489 1010 1521 venerabilis
1034 1493 1133 1529 pater
1155 1487 1366 1520 Constabilis
1390 1487 1532 1520 veniens
1555 1497 1632 1518 eum
1657 1486 1861 1518 absolveret.
1907 1487 1970 1518 Cui
1995 1487 2095 1518 etiam
2110 1497 2165 1518 so-

336 1612 488 1635 servivano
518 1608 757 1641 principalmentc
786 1607 844 1630 allo
870 1608 990 1630 sinen-io
1016 1605 1060 1629 dei
1093 1607 1221 1637 prodotti

337 1653 409 1678 delle
430 1653 508 1676 varie
519 1650 703 1682 possessioni,
718 1649 856 1673 evitando
872 1649 896 1671 le
915 1655 993 1679 spese
1005 1648 1149 1679 doganaH,
1164 1656 1222 1678 per-

337 1695 385 1719 che
409 1696 416 1718 i
439 1695 550 1717 monaci
572 1694 601 1716 vi
621 1692 771 1723 godevano
800 1691 973 1721 tranchigie:
1001 1690 1074 1714 oltre
1095 1690 1121 1713 al
1143 1690 1223 1713 rabo-

337 1737 446 1769 taggio,
476 1737 618 1767 piuttosto
648 1734 747 1762 locale,
769 1734 786 1756 il
815 1734 977 1756 monastero
1006 1740 1109 1756 curava
1129 1732 1224 1755 chela

337 1787 386 1804 sua
407 1787 475 1803 nave
496 1779 600 1802 facesse
620 1777 790 1800 commercio
810 1776 898 1799 anche
912 1783 942 1799 su
957 1775 1021 1799 altri
1039 1775 1091 1798 lidi
1106 1775 1150 1798 del
1172 1782 1225 1797 me-

338 1823 508 1851 diterraneo,
530 1827 607 1843 come
627 1819 748 1842 I'Africa
769 1827 781 1841 e
801 1818 827 1842 la
847 1818 1000 1845 Palestina,
1014 1819 1096 1840 tanto
1110 1817 1158 1840 che
1180 1816 1223 1840 nel

341 1864 406 1888 1180
428 1864 590 1887 Baldovino
617 1863 665 1892 IV,
691 1870 719 1885 re
741 1861 769 1885 di
791 1860 1008 1890 GerusaIemme,
1029 1860 1054 1883 la
1075 1858 1172 1883 esent&
1191 1860 1225 1882 da

338 1908 405 1939 ogni
426 1907 549 1930 tributo:
564 1906 641 1929 tutto
656 1906 754 1935 questo
768 1912 813 1927 cra
822 1907 874 1933 pro
889 1903 1088 1927 necessilatilm
1096 1903 1223 1934 fratrum

338 1949 428 1980 sparsi
444 1950 472 1972 in
491 1948 634 1975 Calabria,
648 1947 749 1978 Puglia
763 1955 776 1969 e
790 1947 898 1970 Sicilia.
933 1946 962 1970 Si
982 1952 1116 1968 conserva
1139 1946 1225 1968 anche

338 1999 375 2014 un
396 1991 600 2022 Regolamento
620 1990 778 2012 marittimo
799 1989 842 2019 pel
858 1990 942 2018 porto
961 1987 990 2010 di
1013 1988 1103 2010 Vietri
1126 1987 1169 2010 del
1185 1994 1225 2010 se-

338 2034 400 2056 eolo
422 2033 480 2060 XII,
507 2033 555 2055 (lie
577 2033 676 2055 rimase
703 2031 854 2054 immutato
881 2030 936 2053 sino
956 2037 971 2052 a
992 2031 1068 2053 tutto
1091 2030 1110 2052 il
1131 2029 1224 2052 secolo

337 2074 411 2104 XIV,
432 2082 479 2106 per
499 2076 553 2101 cui,
572 2075 732 2097 aumentate
754 2073 778 2095 Ie
799 2075 870 2095 tasse
897 2072 1029 2102 deganan
1053 2072 1099 2095 dai
1120 2080 1146 2094 rc
1167 2071 1226 2094 An-

338 2118 432 2147 gioini
454 2118 481 2140 in
502 2118 570 2141 tutti
599 2118 605 2139 i
634 2116 710 2147 porti
734 2115 761 2138 di
784 2115 861 2145 regio
882 2114 1022 2143 dominio,
1043 2114 1131 2144 quelli
1151 2113 1224 2136 della

338 2159 426 2183 Radia
451 2166 498 2190 per
523 2158 614 2181 molto
638 2160 732 2188 tempo
760 2157 972 2180 funzionarono
992 2156 1073 2186 qnasi
1095 2156 1128 2179 da
1149 2156 1225 2186 porti

339 2201 451 2224 franchi
473 2208 526 2223 con
546 2200 652 2232 grande
677 2199 832 2230 vantaggio
860 2198 902 2221 del
930 2198 1107 2226 commercio,
1134 2198 1226 2228 specie

339 2243 383 2266 del
403 2242 520 2266 Cilento
540 2241 577 2273 (v.
599 2241 719 2265 MATTEI
739 2240 889 2265 CERASOLI
905 2240 943 2268 L.‚
963 2240 1226 2263 (Benedettinima-

338 2285 429 2309 rinari
454 2286 527 2308 della
548 2285 638 2308 Badia
658 2284 687 2307 di
707 2284 792 2309 Cava.
820 2284 849 2305 in
877 2283 967 2313 Lega
996 2281 1130 2305 navale
1159 2280 1225 2304 lta-

340 2327 452 2355 llana,
472 2327 623 2351 Sezione
643 2325 677 2348 di
701 2325 865 2352 Salerno,
894 2324 984 2348 XXV
1012 2324 1226 2347 anniversa-

341 2370 408 2396 rio.
428 2369 555 2396 Salerno,
578 2373 651 2398 1937,
672 2374 697 2399 p.
717 2366 750 2394 11,
765 2373 791 2398 p.
811 2373 860 2397 30³
880 2366 914 2389 cf,
935 2366 1094 2389 Accademie
1108 2374 1120 2388 e
1134 2365 1226 2388 biblio-

340 2412 419 2441 teche,
438 2411 524 2434 Anno
544 2409 589 2440 IX,
613 2417 639 2433 n.
663 2416 686 2437 x,
706 2417 731 2440 p.
753 2407 806 2439 25).

428 2451 435 2467 ¹
457 2452 603 2475 Giovanni
623 2459 668 2475 era
688 2451 715 2474 di
740 2451 854 2477 Atrani,
883 2456 959 2473 coine
979 2451 1001 2472 si
1027 2450 1105 2480 lcgge
1137 2450 1165 2472 in
1187 2455 1225 2471 un

340 2495 510 2518 documento
531 2494 575 2517 del
596 2499 672 2524 1132,
692 2492 814 2523 quando,
835 2498 913 2516 come
928 2491 1020 2523 priore
1036 2491 1061 2514 di
1084 2490 1170 2519 Cava,
1190 2490 1225 2513 ri—

340 2543 404 2559 ceve
425 2536 450 2559 la
470 2536 629 2559 donazione
644 2535 718 2558 della
733 2535 826 2557 chiesa
843 2534 870 2557 di
886 2533 911 2556 S.
927 2533 1073 2556 Marciano
1088 2533 1115 2555 di
1132 2532 1226 2555 Diano

340 2578 385 2601 dal
406 2580 489 2601 conte
507 2577 632 2600 Roberto
655 2577 700 2605 (A.
715 2576 755 2603 C„
770 2575 871 2603 XXIII,
891 2575 944 2606 45).
982 2576 1008 2598 Si
1026 2576 1108 2598 trova
1125 2574 1225 2598 abbate

340 2620 366 2643 di
388 2620 414 2643 S.
436 2619 589 2643 Benedetto
604 2619 632 2642 111
646 2618 764 2641 Salei-no
783 2617 859 2649 negli
874 2618 940 2640 anni
961 2615 1111 2647 1145-1148
1133 2617 1161 2638 in
1177 2615 1226 2647 pin

340 2662 501 2685 documenti
522 2669 535 2684 a
562 2662 712 2691 proposito
736 2660 765 2683 di
793 2667 828 2682 nn
849 2666 932 2682 corso
959 2658 1084 2689 d'arqua.
1109 2658 1159 2681 che
1180 2657 1225 2681 dal

341 2712 390 2728 suo
411 2706 574 2727 monastero
594 2711 639 2726 era
660 2705 773 2735 portata
794 2711 807 2725 a
828 2702 924 2733 quello
940 2701 969 2724 di
989 2700 1017 2724 S.
1035 2700 1116 2730 Sofia,
1131 2701 1227 2731 dipen-

342 2747 423 2770 dente
440 2746 475 2770 da
496 2746 581 2773 Cava,
604 2753 651 2777 per
673 2745 699 2768 di
727 2745 767 2768 lui
794 2745 979 2768 concessione
1005 2742 1049 2774 (A.
1075 2741 1115 2772 C.‚
1141 2741 1227 2771 XXV,

346 2794 406 2819 ¹¹7?
428 2787 525 2816 XXVI,
546 2787 591 2818 78:
613 2787 696 2815 XXX,
716 2785 751 2817 9).
789 2787 869 2810 Sorte
889 2785 1044 2816 questioni,
1060 2785 1116 2816 egli
1132 2787 1227 2816 patro-

283 2837 294 2845 ”
341 2832 406 2854 eina
435 2830 475 2861 gli
505 2830 634 2853 interessi
657 2830 687 2852 di
713 2828 790 2852 Cava
821 2828 896 2859 negli
928 2827 996 2850 anni
1029 2833 1093 2858 1154
1119 2834 1132 2850 e
1162 2831 1226 2858 1157

343 2872 388 2901 (A.
404 2870 446 2901 C.‚
460 2871 544 2901 XXX,
561 2870 632 2896 vm,
651 2877 708 2902 104,
722 2870 778 2895 Xr..
792 2870 846 2900 42),
863 2877 877 2892 e
898 2869 941 2891 nel
961 2868 1033 2899 1¹63,
1052 2867 1152 2899 lugiio,
1167 2875 1228 2899 par-

343 2913 454 2937 landosi
485 2913 560 2937 della
581 2913 763 2936 concessione
793 2911 954 2941 dell'aequa,
980 2911 1001 2933 si
1024 2910 1098 2933 dice:
1121 2909 1227 2940 “quam

1281 1607 1292 1618 “
1304 1606 1450 1629 lit-entiam
1469 1606 1588 1629 domnus
1603 1605 1722 1628 Iohanes
1737 1605 1909 1628 anianensis
1924 1604 1992 1627 olim
2009 1604 2092 1627 abbas
2106 1605 2164 1627 eiu-

1278 1647 1376 1670 “sdein
1409 1648 1574 1670 monasterii
1597 1648 1687 1670 sancti
1709 1646 1853 1670 Benedicti
1882 1646 2043 1675 tribuerat„
2067 1645 2111 1677 (A.
2124 1645 2164 1677 C.,

1278 1689 1377 1719 xxxi,
1399 1697 1424 1713 n.
1444 1688 1497 1721 4¹).

1367 1730 1376 1746 2
1396 1732 1501 1762 MARc„
1519 1731 1567 1760 IV,
1589 1736 1629 1761 50.

1365 1773 1508 1804 ³512Nr1c„
1528 1774 1611 1802 illesa,
1639 1772 1704 1804 627:
1735 1773 1881 1796 “Restitit
1909 1775 2031 1803 torrens,
2061 1773 2165 1796 siluere

1280 1817 1292 1829 ¹¹
1306 1817 1383 1840 venti
1397 1834 1418 1847 „.
1457 1817 1566 1840 Fretum
1587 1824 1634 1848 per
1661 1823 1743 1839 mare.
1764 1816 1795 1839 V.
1812 1816 1942 1845 VEROEL„
1962 1816 2038 1844 Aen„
2057 1814 2078 1845 Ι,
2098 1814 2164 1846 όιις

1278 1858 1398 1889 llormr„
1425 1859 1484 1888 Od.,
1503 1858 1537 1886 ΙΙ,
1560 1864 1581 1889 7,
1607 1863 1646 1888 15.

1370 1898 1379 1913 ⁴
1398 1901 1452 1925 Snn
1474 1899 1640 1924 Constaliile
1668 1900 1695 1923 fu
1721 1899 1872 1932 seppellito
1893 1899 2071 1931 nll'ingresso
2091 1898 2166 1922 della

1278 1944 1373 1974 grotta
1394 1943 1423 1966 di
1443 1942 1468 1966 S.
1489 1942 1602 1965 Alserio
1621 1949 1635 1965 c
1655 1942 1728 1965 sulla
1747 1949 1795 1965 sua
1814 1941 1909 1965 tomba
1925 1942 1953 1964 su
1967 1942 2049 1972 posta
2069 1942 2166 1972 questa

1279 1986 1440 2008 iscrizione:
1463 1984 1475 1996 ‘¹
1488 1984 1641 2008 Clauditur
1656 1986 1776 2015 angusta
1796 1983 1846 2006 hac
1866 1984 1956 2006 sancti
1986 1982 2164 2006 Constabilis

2107 2025 2159 2048 Nel

1280 2068 1346 2099 1648
1367 2069 1391 2092 le
1411 2076 1456 2092 sne
1477 2076 1540 2091 ossa
1562 2075 1684 2091 vennero
1705 2067 1842 2091 collocate
1863 2069 1937 2090 sotto
1958 2066 2066 2090 l'altare
2089 2066 2164 2091 della

1279 2111 1407 2142 cappella
1433 2112 1544 2142 attigua
1571 2119 1584 2133 e
1608 2111 1650 2133 nel
1682 2109 1744 2141 1895
1771 2109 1914 2133 racchiuse
1941 2110 1968 2132 in
1995 2109 2115 2132 un’urnn
2135 2109 2165 2132 dt

1279 2153 1395 2177 bronzo.

1366 2194 1375 2209 ⁵
1398 2196 1493 2223 Ovio„
1524 2196 1712 2224 Jletamorph„
1741 2193 1815 2222 XIII,
1838 2192 1903 2225 4¹8:
1934 2193 2096 2224 “Flatnque
2125 2199 2165 2217 se-

1280 2238 1398 2261 “cundo
1419 2238 1532 2261 carbasa
1554 2239 1632 2260 mota
1657 2239 1762 2260 sonant
1776 2255 1797 2266 „.

1366 2277 1376 2293 θ
1397 2277 1504 2306 Questo
1524 2279 1606 2311 porto
1622 2277 1636 2302 ὲ
1655 2277 1750 2310 quello
1771 2278 1798 2301 di
1822 2277 1944 2305 Mehdia,
1966 2277 2010 2300 nel
2034 2276 2114 2308 golso
2136 2277 2164 2300 di

1280 2322 1453 2346 Hammarnet
1490 2319 1646 2353 (Tunisia).
1685 2320 1735 2343 che
1765 2320 1936 2343 chiamavasi
1971 2319 2164 2351 volgarmente

1279 2363 1392 2395 Africa.

1366 2402 1375 2418 7
1395 2404 1425 2428 Si
1447 2405 1472 2428 fa
1493 2411 1583 2427 cenno
1604 2403 1661 2426 alla
1682 2403 1844 2434 spedizione
1864 2402 1908 2426 del
1924 2403 2007 2426 conte
2021 2402 2164 2434 Ruggiero

1279 2447 1308 2470 di
1327 2447 1436 2476 Sicilia,
1451 2447 1501 2470 che
1522 2445 1566 2469 nel
1590 2451 1664 2475 1127,
1684 2446 1840 2476 espugnata
1858 2444 1959 2473 Malta,
1973 2445 1996 2467 si
2011 2450 2166 2476 preparava

1280 2496 1295 2512 a
1315 2489 1478 2520 proseguire
1498 2488 1525 2511 la
1545 2487 1693 2518 conquista
1714 2486 1785 2510 delle
1805 2488 1881 2510 coste
1901 2487 2034 2514 africane,
2054 2485 2166 2516 quando

1280 2540 1314 2555 ne
1335 2532 1363 2554 lo
1383 2531 1502 2554 distolse
1524 2530 1548 2553 la
1570 2531 1659 2552 morte
1677 2529 1720 2552 del
1740 2529 1812 2552 duca
1832 2528 1996 2560 Guglielmo
2010 2528 2040 2552 di
2054 2527 2164 2559 Pugna.

1280 2574 1325 2598 Cf.
1345 2574 1449 2596 AMAR1
1468 2571 1514 2601 M.‚
1534 2571 1628 2595 Storia
1647 2572 1692 2594 dei
1711 2571 1878 2594 Musulmaui
1896 2571 1926 2594 di
1944 2570 2050 2598 Sicilia,
2069 2569 2095 2592 II
2113 2570 2165 2598 ed„

1279 2615 1410 2641 Catania.
1431 2614 1504 2646 1938,
1523 2614 1580 2637 voi.
1600 2613 1650 2642 111,
1668 2620 1695 2644 p.
1714 2618 1780 2645 3953
1804 2613 1847 2636 ΟΕ,
1867 2613 1989 2639 Bmsus,
2011 2612 2164 2635 Πίνακι-νε-

1280 2658 1351 2682 :ione
1371 2657 1500 2688 Pugliese
1520 2664 1532 2679 e
1552 2657 1579 2679 Ia
1599 2655 1733 2686 conquista
1754 2656 1921 2684 Nomnauna,
1945 2654 2064 2685 Napoli,
2089 2652 2164 2685 1864,

1279 2699 1326 2728 111,
1345 2705 1400 2729 171.
1437 2698 1457 2721 Il
1479 2697 1584 2721 Caram
1605 2696 1655 2728 (op.
1675 2695 1730 2727 cit.)
1750 2698 1854 2720 ritiene
1874 2697 2001 2720 trattarsi
2023 2695 2164 2719 dell’altra

1281 2740 1444 2772 spedizione
1466 2739 1557 2762 ideata
1577 2738 1654 2761 dallo
1674 2740 1763 2761 stesso
1788 2738 1939 2768 Ruggiero,
1963 2744 2000 2766 re,
2019 2737 2064 2759 nel
2088 2735 2163 2767 1148,

1279 2791 1293 2807 e
1313 2780 1407 2814 percio
1427 2781 1619 2805 ritarderebbe
1638 2780 1664 2803 la
1684 2780 1897 2812 composizione
1916 2779 1946 2802 di
1966 2781 2061 2810 queste
2089 2779 2165 2802 Vitae

1281 2831 1297 2848 a
1320 2823 1502 2854 quell’epoea.
1541 2821 1585 2845 Cf.
1614 2820 1731 2845 CASPAR
1755 2821 1795 2849 E.,
1824 2821 1919 2852 Roger
1944 2818 2164 2851 ll(1101-1154)

1281 2867 1335 2889 und
1352 2866 1395 2889 die
1412 2866 1561 2896 Griimlung
1573 2865 1621 2887 der
1635 2863 1984 2888 Normannish-Sicilischen
2000 2862 2165 2891 Monarchie,

1281 2907 1446 2937 Innsbruek,
1468 2913 1543 2937 1904,
1563 2913 1587 2937 p.
1610 2905 1642 2935 46
1661 2912 1675 2929 e
1695 2913 1734 2937 sg.

1281 2028 1293 2040 “
1306 2035 1351 2050 arn
1372 2026 1495 2058 Corpus,
1515 2033 1604 2050 ovans
1623 2027 1705 2049 cuius
1726 2026 1844 2057 spiritus
1870 2027 1945 2049 astra
1965 2025 2035 2048 colit
2048 2044 2069 2057 ‚‚.

2194 1697 2224 1721 33

2192 1905 2226 1930 40

2192 2114 2224 2141 45

2194 2323 2227 2349 50

2193 2534 2224 2560 55

2191 2735 2226 2760 60
