2300 3554
360 187 523 224 VITAE
552 188 817 226 QUATUOR
848 190 1087 225 PRIORUM
1122 191 1377 226 ΛΒΒΑῚῊΜ
1409 193 1716 228 CAVENSIUM
1933 196 1953 226 ‘J

127 317 202 350 Hoc
225 326 335 360 genus
360 318 541 352 demonum
567 330 633 351 non
658 320 791 357 eicitur,
815 321 877 352 nisi
904 321 937 352 in
963 321 1118 353 oratione
1145 328 1178 354 et
1201 322 1328 364 jejunio
1345 323 1364 353 ¹.
1414 323 1537 365 Liquet
1555 335 1638 362 ergo
1663 335 1729 366 qua
1754 325 1954 367 jejuniorum

126 381 162 402 se
193 371 390 403 austeritate
415 373 627 411 contriverit,
657 384 724 415 qua
755 374 944 406 orationum
971 374 1127 406 instantia
1161 376 1235 406 Deo
1260 375 1472 416 importunus
1499 377 1574 411 fuit,
1599 377 1654 418 qui
1688 379 1826 419 quando
1857 379 1957 410 vellet

127 423 238 456 eicere
261 424 419 456 demonia
443 431 644 466 potestatem
669 427 814 468 accepit.
851 427 933 458 Item
951 428 977 457 si
997 428 1200 468 vigiliarum,
1218 429 1419 461 orationum.
1438 430 1627 461 lectionum.
1645 431 1869 471 spiritualium
1889 443 1954 463 me-

126 476 328 509 ditationum
346 477 504 510 instantia
527 478 642 511 cordis
666 479 846 520 puritatem
862 481 1114 520 consequimur,
1132 481 1182 511 vir
1200 482 1334 513 Domini
1360 493 1426 513 non
1444 483 1550 513 solum
1577 484 1759 523 presentia,
1777 485 1835 515 sed
1855 485 1957 516 etiam

85 529 102 561 5
127 529 242 562 futura
266 536 419 563 noverat.
467 531 596 562 Horum
621 530 787 563 donorum
814 532 963 564 omnium
988 544 1191 570 mensuram,
1216 545 1280 565 non
1306 534 1413 565 solnm
1436 534 1554 566 bonnm
1582 536 1771 567 confertam
1791 543 1824 568 ct
1841 538 1956 580 coagi-

126 587 240 620 tatam,
263 583 325 615 sed
350 583 450 615 etism
473 585 768 624 supereffluentem
783 584 794 601 ¹
820 584 989 617 habe'bst.
1020 585 1089 618 Sed
1114 587 1197 629 quid
1215 588 1248 618 in
1274 588 1479 629 prescientia
1499 599 1609 620 rerum
1628 595 1755 621 tanturn
1775 592 1955 631 puritatem

127 634 242 667 cordis
266 635 338 667 eius
360 637 552 675 asserimus,
576 637 632 679 qui
658 637 701 669 ab
726 637 787 670 his.
812 648 832 669 a
849 638 970 680 quibus
987 640 1116 680 optime
1142 646 1240 671 notus
1265 646 1327 677 est,
1352 646 1464 672 tantus
1489 641 1660 679 asseritur,
1678 649 1711 673 ut
1731 643 1835 684 ipsum
1853 645 1954 675 etiam

128 687 266 720 humani
290 688 426 732 generis
449 690 721 732 Redemptorem
746 691 780 723 in
805 701 908 722 carne
932 692 1045 723 adhuc
1071 693 1197 733 positus
1223 693 1339 724 videre
1365 694 1579 725 mereretur?
1604 696 1723 727 dicunt
1740 697 1841 733 enim,
1865 698 1955 739 quod

127 746 206 774 ante
229 747 359 774 sextum
383 743 433 774 sui
457 743 568 776 exitus
591 743 681 776 diem
705 744 736 775 ei
761 744 917 776 dominus
941 745 1059 777 Ihesus
1082 745 1238 777 Christus
1260 747 1429 787 apparuit,
1454 747 1554 789 eique
1581 747 1683 779 dixit:
1704 749 1765 780 Die
1782 761 1866 781 cene
1884 761 1957 781 meo

66 795 105 827 10
127 794 248 827 venies
270 795 315 828 ad
339 806 401 827 me.
447 796 546 829 Tunc
570 803 668 838 pater
685 798 906 829 venerandus
929 804 1057 840 quanta
1082 798 1187 830 letitia
1205 805 1239 830 et
1255 800 1381 841 gaudio
1405 800 1617 837 exultaverit,
1643 801 1764 843 quibus
1782 802 1959 834 desideriis

127 845 218 879 diem
242 853 334 880 tante
359 849 593 890 promissionis
617 850 864 891 expectaverit‚
890 850 1076 894 cogitando
1101 851 1242 894 colligat
1266 852 1322 894 qui
1349 858 1471 893 potest,
1497 854 1574 895 quia
1599 853 1669 885 dici
1696 866 1760 885 non
1796 856 1957 896 prevalet.

217 898 298 938 Quo
322 901 481 934 nimirum
507 901 563 934 die
590 902 761 939 veniente,
786 903 982 945 implevisse
1008 904 1117 935 fertur
1145 904 1258 935 omnia
1284 914 1350 946 que
1380 905 1424 936 ad
1455 912 1548 937 tante
1573 906 1836 948 sollempnitatis
1860 909 1957 939 mini-

127 953 266 985 sterium
290 953 515 986 debebantur.
563 954 651 986 Nam
673 955 851 986 missarum
867 955 1069 997 sollempnia
1085 955 1295 991 cele'bravit,
1314 957 1457 988 fratrum
1475 958 1583 998 pedes
1599 958 1718 995 abluit,
1743 961 1959 1001 pau'peribus

128 1005 291 1038 donativa
314 1006 524 1045 distribuit³,
552 1012 586 1039 et
615 1008 802 1040 constituto
835 1008 1014 1050 discipulis
1042 1014 1151 1050 patre,
1182 1009 1300 1040 Leone
1332 1010 1497 1041 videlicet
1529 1011 1720 1043 venerabili
1754 1013 1836 1054 viro,
1865 1014 1960 1045 cuius

68 1057 105 1091 15
129 1059 285 1102 superius
315 1059 523 1092 mentionem
550 1061 633 1099 feci,
657 1061 764 1093 solam
796 1061 866 1093 diei
899 1072 1019 1093 cenam
1051 1061 1216 1103 preteriit,
1247 1062 1303 1094 cui
1337 1073 1396 1094 sue
1430 1063 1569 1095 visionis
1601 1066 1718 1106 epulas
1744 1066 1959 1108 Redemptor

129 1112 294 1154 promisit.
340 1111 406 1144 Vel
430 1113 578 1146 fortasse
610 1113 741 1146 iccirco
772 1114 908 1157 Jejunus
932 1114 1040 1146 voluit
1064 1115 1107 1146 de
1131 1115 1198 1147 hoc
1229 1116 1358 1147 mundo
1384 1116 1543 1154 transire,
1567 1123 1602 1149 ut
1625 1119 1776 1160 regulari
1798 1120 1958 1152 mandato

129 1175 166 1197 se
190 1171 223 1197 et
255 1165 438 1198 moriendo
468 1166 654 1199 subiceret.
703 1165 798 1204 Quia
820 1167 910 1199 enim
940 1168 1065 1200 directi
1089 1168 1123 1198 in
1148 1168 1202 1199 via
1218 1169 1227 1184 ¹
1255 1169 1298 1200 de
1322 1169 1528 1201 monasterio
1562 1171 1687 1203 fratres
1718 1172 1821 1214 jeiuni
1846 1173 1958 1205 redire

129 1218 377 1262 precipiuntur‚
407 1220 466 1262 qui
492 1219 661 1252 inclinato
693 1219 758 1252 iam
794 1220 864 1252 diei
891 1231 1035 1262 vespere
1067 1221 1200 1253 ieiunus
1232 1221 1275 1253 ad
1308 1222 1489 1254 Dominum
1521 1225 1668 1262 transiit,
1695 1224 1739 1257 ab
1767 1226 1865 1257 istius
1893 1227 1959 1258 vite

129 1271 279 1304 decursu
304 1272 350 1304 ad
379 1272 519 1305 domum
544 1272 721 1312 celestem,
746 1274 843 1315 quasi
867 1273 911 1305 de
935 1274 990 1306 via
1013 1275 1059 1306 ad
1082 1273 1217 1312 cellam,
1242 1275 1345 1306 venit.
1392 1275 1493 1307 Tunc
1524 1277 1663 1318 quidem
1696 1278 1859 1310 fratribus
1884 1290 1959 1311 cum

65 1325 107 1357 20
130 1330 253 1357 statuto
279 1325 329 1358 eis
351 1331 450 1367 patre
481 1326 526 1357 ad
557 1325 788 1358 refectionem
827 1326 988 1365 dimissis,
1019 1327 1180 1358 cellulam
1209 1328 1385 1369 spelunce,
1408 1329 1442 1360 in
1466 1339 1532 1371 qua
1563 1340 1701 1362 manere
1726 1338 1961 1369 consueverat,

128 1378 278 1417 intravit,
298 1389 336 1411 se
357 1379 393 1411 in
420 1379 612 1411 orationem
629 1377 738 1411 dedit'
756 1384 860 1422 atque
883 1380 975 1412 inter
991 1381 1185 1412 orationum
1209 1381 1315 1413 verba
1341 1382 1373 1412 in
1399 1382 1648 1424 Redemptoris
1671 1395 1789 1416 manus
1807 1385 1960 1416 ultimum

129 1430 288 1474 spiritum
311 1431 455 1464 tradidit
467 1430 488 1464 ⁵.
534 1430 684 1464 Dubium
710 1432 842 1475 quippe
863 1443 932 1465 non
956 1439 1020 1471 est,
1036 1434 1129 1475 quod
1151 1434 1197 1466 ad
1217 1445 1292 1466 eum
1318 1435 1559 1467 deducendum
1584 1437 1781 1475 accesserit,
1799 1438 1855 1480 qui
1880 1445 1958 1470 ante

130 1489 262 1517 sextum
279 1484 372 1517 diem
395 1484 487 1517 hunc
512 1485 661 1517 invitare
686 1485 848 1528 dignatus
872 1492 934 1518 est.
983 1485 1134 1524 Quando
1152 1487 1242 1518 enim
1268 1487 1316 1519 illi
1339 1488 1441 1520 beate
1465 1489 1576 1520 anime
1601 1490 1794 1531 egredienti
1814 1491 1960 1531 deesset,

129 1537 185 1581 qui
210 1537 350 1570 nuntius
372 1537 490 1579 paullo
514 1544 593 1570 ante
622 1538 748 1576 fuerat,
771 1545 809 1570 ut
832 1539 963 1572 exiret?
997 1539 1093 1571 Obiit
1124 1539 1174 1571 vir
1198 1541 1268 1572 vite
1292 1541 1394 1573 valde
1419 1542 1626 1573 venerabilis
1652 1553 1755 1574 senex
1779 1549 1814 1574 et
1840 1543 1962 1585 plenus

65 1589 106 1622 25
131 1591 278 1628 dierum,
301 1601 379 1624 cum
412 1591 488 1623 fere
518 1597 657 1624 centum
681 1591 804 1635 viginti
839 1598 931 1624 esset
961 1603 1130 1625 annorum
1143 1592 1165 1624 ⁶.
1212 1592 1318 1631 Quod
1342 1605 1424 1626 sane
1449 1595 1606 1627 omnibus
1635 1596 1791 1628 mirabile
1823 1604 1885 1634 est,
1913 1598 1959 1629 ita

131 1653 236 1676 sanus
257 1649 292 1677 et
315 1644 416 1676 fortis
439 1654 548 1687 usque
571 1643 617 1676 ad
638 1650 824 1677 extremam
849 1646 971 1677 horam
987 1646 1106 1678 mortis
1123 1647 1244 1684 extitit,
1265 1653 1301 1678 ut
1326 1657 1390 1678 nec
1415 1658 1475 1689 pre
1493 1653 1559 1679 tam
1577 1649 1755 1691 decrepita
1772 1656 1860 1682 etate
1879 1650 1961 1682 cali-

129 1703 238 1741 garet,
261 1707 327 1730 nec
350 1697 465 1741 aliqua
487 1697 667 1730 debilitate
689 1696 868 1731 deficeret.
914 1698 1003 1731 Nam
1020 1709 1129 1742 usque
1147 1700 1190 1731 ad
1206 1706 1396 1731 extremum
1415 1700 1483 1732 vite
1500 1711 1559 1732 sue
1577 1707 1710 1743 tempus
1725 1702 1909 1734 clarissime
1928 1708 1961 1734 et

129 1750 215 1793 legit
236 1755 271 1782 et
292 1750 441 1793 scripsit,
457 1751 576 1783 missas
593 1750 794 1789 celebravit,
811 1757 844 1784 et
861 1761 962 1784 omne
986 1750 1177 1793 pasto'ralis
1193 1753 1245 1784 sui
1263 1753 1393 1785 ordinis
1409 1753 1631 1785 ministerium
1654 1755 1807 1786 valenter
1823 1755 1960 1787 exibuit.

130 1802 269 1846 Sicque‚
298 1809 335 1835 ut
358 1803 479 1836 videre
502 1809 564 1842 est,
589 1810 657 1836 tam
683 1804 843 1846 vivendo,
867 1815 969 1847 quam
1000 1805 1180 1838 moriendo
1211 1806 1358 1837 humane
1391 1813 1511 1838 nature
1540 1807 1712 1839 molestias
1744 1808 1838 1846 vicit,
1863 1819 1961 1839 sene—

65 1857 108 1889 30
130 1866 232 1889 scens
258 1857 376 1900 utique
401 1857 528 1901 vigoris
549 1858 600 1891 sui
625 1858 804 1890 defectum
827 1859 998 1898 nesciens,
1013 1860 1163 1892 moriens
1179 1861 1298 1892 mortis
1321 1860 1550 1903 egritudinem
1577 1871 1641 1893 non
1667 1861 1855 1893 incurrens.
1902 1861 1963 1893 His

130 1919 214 1953 ergo
240 1910 345 1943 tantis
372 1911 520 1943 donatus
543 1911 687 1949 meritis,
710 1911 788 1943 talis
813 1912 992 1954 aspicitur,
1016 1918 1054 1944 ut
1076 1911 1162 1944 illud
1185 1913 1227 1950 ei,
1251 1914 1345 1956 quod
1370 1914 1412 1945 de
1443 1914 1570 1946 dilecto
1595 1914 1747 1946 Iohanne
1771 1914 1813 1946 ab
1838 1915 1961 1946 eodem

129 1962 368 2005 Redemptore
392 1969 510 1996 nostro
535 1964 672 2005 dicitur,
697 1964 957 2007 quomodolibet
981 1972 1183 2007 competere
1202 1966 1373 1998 videatur:
1393 1967 1462 2003 Sic,
1480 1967 1612 2009 inquid,
1627 1978 1701 1998 eum
1720 1968 1796 1999 volo
1813 1969 1961 1999 manere'

131 2016 244 2048 donec
269 2016 404 2048 veniam
419 2016 443 2048 ¹¹.
489 2017 629 2049 Revera
652 2017 731 2050 talis
758 2024 844 2057 erat,
868 2025 904 2050 ut
928 2018 1073 2051 haberet
1096 2020 1187 2051 unde
1212 2020 1384 2051 mercedis
1411 2031 1539 2052 summe
1572 2020 1660 2052 bona
1681 2021 1875 2062 ·reciperet‚
1902 2021 1962 2052 sed

132 2070 216 2112 quid
239 2070 484 2113 corrigendum
503 2076 592 2103 esset
616 2081 685 2103 non
708 2071 864 2104 haberet.
910 2071 1041 2105 Habuit
1063 2073 1246 2114 siquidem,
1263 2073 1355 2115 quod
1379 2074 1423 2104 ad
1447 2073 1664 2105 eternitatem
1688 2080 1800 2110 staret,
1817 2074 1876 2105 sed
1895 2084 1962 2105 non

67 2120 108 2154 35
132 2121 254 2155 habuit
278 2122 372 2166 quod
396 2133 475 2156 cum
499 2124 638 2156 humani
661 2124 777 2166 lapsus
802 2125 992 2168 fragilitate
1016 2126 1191 2158 deficeret.
1237 2126 1298 2158 Sic
1316 2137 1399 2169 ergo
1417 2138 1493 2158 eum
1518 2127 1685 2158 Dominus
1701 2137 1839 2159 manere
1858 2126 1968 2158 voluit

132 2177 246 2210 donec
269 2177 376 2216 venit,
402 2177 483 2219 quia
506 2177 664 2209 nimirum
689 2188 709 2209 a
729 2188 789 2210 sue
813 2179 1055 2220 conceptionis
1078 2179 1176 2210 initio
1207 2180 1286 2211 talis
1309 2179 1385 2216 fuit,
1409 2180 1466 2221 qui
1495 2180 1702 2221 egressionis
1723 2190 1782 2211 sue
1808 2186 1961 2221 tempore

219 2285 225 2301 ί
247 2289 354 2316 ΜΛκεῙ,
373 2288 460 2317 1X‚v.
480 2286 521 2312 28.

217 2328 227 2345 ²
247 2330 326 2360 Lue.,
344 2330 392 2360 VI,
411 2331 452 2363 38.

217 2369 228 2387 ³
243 2371 282 2396 Le
301 2373 455 2397 cerimonie
475 2373 616 2405 adempite
629 2373 665 2397 da
685 2372 875 2398 sant’Alferio
891 2374 910 2397 il
926 2374 1023 2405 glove-

131 2413 158 2438 di
180 2416 263 2439 santo
282 2421 353 2439 sono
373 2415 465 2447 quelle
478 2416 613 2439 descritte
626 2416 660 2440 da
672 2415 808 2440 Udalrico
823 2415 896 2439 nelle
913 2416 1022 2440 Consue-

87 2462 102 2488 5
131 2457 235 2481 tudines
268 2457 463 2486 Clum‘acenses,
489 2458 539 2482 lib.
559 2458 580 2488 1,
605 2465 627 2482 c.
647 2463 692 2481 ΧΗ
720 2457 844 2489 (MIGNE,
864 2458 943 2482 Patr.
964 2460 1022 2486 lat.‚

131 2506 156 2523 ν.
177 2497 300 2528 CXLIX,
314 2499 369 2524 col.
382 2498 446 2532 659)
459 2507 473 2523 e
483 2500 530 2523 dal
544 2506 664 2524 monaco
677 2499 821 2524 Bernardo
835 2499 844 2531 (
855 2499 930 2524 Vetus
943 2500 1023 2524 ‹lisci-

125 2541 206 2573 plina
237 2541 391 2571 monastica,
410 2548 436 2573 p.
456 2541 527 2574 311).
553 2542 639 2574 Dopo
659 2542 687 2566 la
716 2542 858 2566 resezione
878 2543 902 2565 ai
924 2543 1023 2573 poveri

129 2584 237 2608 servits
256 2583 304 2608 dai
324 2584 446 2612 monaci,
465 2585 558 2615 questi
572 2584 717 2608 lavavsno
731 2584 796 2608 loro
817 2585 824 2607 i
846 2583 934 2616 piedi,
953 2592 967 2608 e
981 2584 1022 2608 dl-

1163 2289 1174 2304 5
1193 2290 1219 2314 S.
1241 2290 1392 2315 Gai-:Gonu
1415 2292 1499 2318 DiuL,
1521 2291 1553 2320 11,
1574 2297 1619 2321 27:
1643 2291 1804 2315 “Ultimum
1829 2292 1959 2322 spiritum

1076 2333 1176 2356 “inter
1196 2334 1279 2357 verba
1298 2334 1438 2357 orationis
1457 2333 1563 2357 efflavit
1576 2351 1595 2364 η.

1078 2415 1104 2439 al
1124 2416 1230 2440 Sackur
1249 2420 1301 2448 (op.
1321 2416 1377 2447 cil.)
1391 2425 1404 2440 e
1424 2417 1450 2440 la
1484 2417 1585 2448 rigetta
1606 2423 1683 2440 come
1704 2424 1758 2440 una
1780 2417 1892 2440 savoia:
1920 2424 1962 2440 ma

1078 2457 1104 2481 la
1125 2456 1272 2490 longevit&
1302 2459 1378 2482 nella
1403 2459 1544 2482 cittadina
1574 2459 1602 2482 di
1623 2458 1700 2482 Cava
1726 2459 1811 2485 (circa
1840 2464 1872 2481 20
1895 2459 1961 2482 mila

1077 2498 1216 2530 abitanti)
1235 2507 1292 2523 non
1313 2499 1326 2523 ὲ
1346 2508 1383 2524 un
1405 2501 1478 2524 fatto
1499 2500 1760 2524 straordinario.1n
1776 2508 1811 2523 un
1833 2507 1962 2531 processo

1079 2541 1124 2564 del
1144 2542 1237 2565 secolo
1257 2542 1331 2569 XVI,
1351 2543 1445 2566 alcuni
1468 2543 1613 2566 testimoni
1640 2550 1768 2565 avevano
1789 2545 1920 2574 <upa-rato
1934 2543 1960 2565 di

1079 2583 1168 2607 molto
1197 2585 1203 2606 i
1233 2591 1283 2608 100
1301 2585 1386 2608 anni:

1165 2372 1176 2389 ⁶
1196 2373 1274 2399 L'etfs
1293 2375 1321 2398 di
1342 2377 1505 2399 ccntoventi
1526 2376 1594 2399 anni
1621 2376 1654 2398 ha
1674 2378 1768 2398 refuto
1797 2375 1962 2406 meraviglia
1993 2381 2003 2397 2

1417 2585 1429 2595 *¹
1443 2584 1605 2608 Leonardus
1633 2584 1748 2607 Iuvanis
1768 2585 1911 2607 habitator
1931 2584 1963 2607 de
1992 2592 2003 2609 2

74 2676 105 2693 10

132 2625 314 2650 stribulvsno
327 2625 392 2650 loro
406 2626 576 2651 elemosine:
597 2626 684 2650 infine
706 2627 828 2650 l‘abbate
849 2627 977 2658 ripeteva
997 2627 1025 2650 la

131 2667 264 2697 lavanda,
288 2668 308 2692 il
323 2669 492 2696 Mandatum,
511 2670 538 2692 ai
559 2669 681 2697 monaci,
702 2669 751 2692 che
772 2670 820 2700 poi
835 2668 988 2693 andavano
1008 2676 1022 2692 a

131 2711 266 2742 prendere
286 2710 313 2734 la
333 2710 489 2735 refezlone:
509 2718 538 2734 se
558 2711 579 2735 il
600 2718 716 2735 numero
737 2711 780 2734 dei
802 2712 923 2742 monaci,
945 2718 1023 2734 come

133 2757 148 2775 a
168 2750 271 2784 Cluny‚
290 2759 336 2775 era
366 2751 483 2784 grande,
504 2751 525 2775 il
547 2753 708 2776 Mandatum
739 2753 762 2776 si
786 2752 882 2775 faceva
901 2752 976 2784 dopo
996 2752 1022 2774 la

133 2792 284 2817 refezione.

220 2835 232 2852 ⁴
251 2836 363 2867 Regula
391 2836 582 2865 monachorum,
613 2842 674 2867 cap.
693 2834 805 2863 van,
825 2837 870 2860 De
881 2835 1024 2868 fratribus

133 2875 160 2899 in
179 2875 251 2900 viam
270 2876 383 2901 directis
395 2885 404 2901 .·
417 2876 427 2900 i
447 2877 558 2901 monaci
569 2877 656 2901 usciti
670 2877 700 2901 iu
716 2877 842 2909 viaggio,
857 2884 884 2900 se
898 2878 1023 2900 tornano

132 2917 162 2941 in
181 2919 315 2950 giornata
347 2919 374 2944 al
394 2920 564 2948 monastero,
584 2926 641 2945 non
661 2926 788 2952 possono
814 2918 918 2944 cibarsi
947 2919 1021 2943 fuori

132 2959 161 2986 di
180 2967 252 2986 esso.

1078 2624 1237 2649 “Passiano
1262 2633 1361 2650 coccus
1381 2630 1407 2649 ct
1428 2633 1508 2650 senex
1535 2633 1671 2650 annorum
1696 2633 1751 2655 110,
1774 2625 1963 2649 Fcrrandinus

1078 2666 1283 2698 “Tagliaferro
1313 2675 1451 2691 annorum
1484 2675 1539 2698 ιη,
1569 2668 1737 2691 Berardinus
1763 2668 1796 2691 dc
1822 2668 1962 2691 Adina—lto

1077 2710 1241 2734 “annorum
1276 2716 1322 2742 125
1337 2727 1358 2739 „.
1389 2710 1445 2742 (Cf.
1477 2711 1633 2737 Amsomrx.
1661 2711 1753 2735 Storia
1777 2712 1848 2734 della
1876 2712 1961 2739 Cava,

1078 2758 1103 2782 p.
1125 2757 1183 2782 279,
1204 2759 1230 2774 n.
1251 2752 1286 2782 7).
1306 2751 1516 2783 Dall’anagrase
1536 2752 1578 2775 del
1601 2752 1726 2776 Comune
1747 2752 1769 2775 si
1789 2753 1822 2776 ha
1843 2752 1891 2775 che
1918 2752 1960 2775 nel

1080 2799 1147 2824 1929
1167 2793 1237 2817 mori
1260 2795 1388 2818 Antonia
1409 2795 1547 2818 d'Amico.
1568 2797 1633 2818 nata
1655 2794 1699 2818 nel
1723 2796 1796 2825 ¹⁴3²&
1816 2803 1829 2817 e
1854 2801 1962 2825 presen—

1078 2838 1199 2859 temente
1226 2834 1312 2865 (anno
1341 2836 1418 2867 1939)
1438 2843 1509 2860 sono
1535 2836 1598 2859 vive
1624 2836 1676 2859 due
1701 2837 1807 2859 donne:
1829 2836 1962 2859 Catcrina

1076 2876 1226 2900 Lambiase
1245 2883 1310 2901 nata
1331 2876 1368 2901 1¹8
1388 2880 1450 2901 sett.
1473 2876 1537 2909 1839
1552 2884 1565 2901 c
1584 2877 1732 2901 Filomcna
1752 2877 1882 2901 d'.‘2mic0
1898 2879 1962 2901 nata

1078 2919 1098 2942 il
1123 2917 1154 2943 18
1173 2919 1286 2943 ottobre
1308 2919 1382 2951 1836.

1165 2959 1175 2975 ⁷
1193 2960 1289 2990 Iesu„
1304 2961 1376 2991 XXI,
1397 2968 1437 2984 21.

1990 2800 2024 2824 30

2048 966 2111 981 t,-›

2026 987 2055 1005 ΜΙ
2086 994 2147 1007 ,ιιι
