2300 3554
97 765 128 784 10

95 1011 126 1038 ι5

93 1255 126 1274 20

93 1499 125 1526 ²5

91 1796 126 1822 30

90 2038 122 2066 3⁵

92 2305 127 2332 4⁰

91 2628 124 2655 4⁵

91 2871 125 2897 50

485 186 785 223 PRAEFATIO
814 187 1062 224 LUDOVICI
1091 188 1310 224 ANTONlI
1340 190 1640 227 MURAToRu
1917 194 1968 229 XI

245 318 336 343 Venio
357 325 429 343 nunc
447 319 482 343 nd
508 319 582 344 Vitas
596 320 717 350 priorum
740 321 786 345 IV
799 320 926 345 Abbatum
948 322 1113 350 Cavenn'um,
1133 330 1201 354 quus
1221 330 1293 346 nunc
1314 324 1444 355 primurn.
1464 326 1492 348 ut
1514 327 1590 358 puto.
1611 326 1734 351 tenebrlu
1756 330 1864 359 ereptas
1890 329 1969 352 dabo.

156 367 273 393 Eundem
292 369 428 393 memorat
448 367 562 394 Clurlu.
588 368 772 394 Mublllonlus
798 371 826 394 ln
853 371 973 395 laudatis
994 372 1162 401 Annalibus,
1188 372 1221 396 nd
1249 373 1360 396 Annum
1392 379 1463 404 ¹050·
1489 377 1586 406 utpote
1611 377 1657 406 qul
1684 382 1729 399 ens
1754 384 1817 407 prne
1844 378 1970 401 munibus

157 416 263 445 habult.
283 417 329 442 sed
348 424 383 442 nn
403 417 557 449 aliquando
575 418 759 451 evulgaverit,
780 421 882 443 nescio.
922 420 1028 444 Librmn
1042 420 1094 448 (ltu
1108 420 1157 444 illc·
1171 422 1267 445 scribit
1290 428 1363 445 num.
1382 425 1440 453 ¹07)
1455 424 1486 445 ‹1ae
1507 424 1600 447 §uncti
1613 425 1716 452 Alfeni
1726 427 1821 455 Arulis,
1843 427 1970 457 triumque

156 466 212 490 nius
231 466 414 491 Suet-*esserum
434 466 537 496 Leonis,
559 467 638 491 Petri
654 471 731 499 «itque
753 468 920 498 Constabiln's,
939 469 1049 499 scripsit
1067 469 1154 493 Abba:
1172 471 1278 500 quidam
1316 470 1466 497 mansimus.
1491 472 1537 502 qni
1563 473 1666 503 Alf-*rii
1691 476 1814 497 nonnulla
1840 476 1969 498 miracula

157 515 262 540 ruitae.
300 514 380 539 Unde
399 515 465 540 haec
485 515 672 541 Mnblllonlus
693 517 825 547 hauserit,
845 517 874 541 ln
895 521 1067 549 compertum
1089 519 1167 543 mlhl.
1204 519 1287 547 Quod
1310 521 1386 547 novi.
1408 520 1436 543 ln
1458 518 1635 545 l'rnefniione
1661 523 1785 554 Srriplor
1811 524 1854 547 hl·
1881 526 1969 548 utitur

158 564 260 595 verbit,
278 564 311 588 de
330 571 358 589 se
378 564 507 597 loquens:
527 569 556 590 ut
572 566 617 597 qui
633 566 666 589 dr
683 566 800 590 claustro
826 566 883 596 illo,
910 569 983 591 volut
1007 571 1081 591 (erra
1103 568 1295 599 promissionis,
1322 577 1452 599 ogrrssus.
1473 570 1498 592 in
1524 571 1667 601 long-inqua
1694 572 1802 601 regione
1824 574 1970 602 pascendo:

156 615 233 645 atqu·
252 613 466 644 multiplicandos
484 614 587 643 suscepi
601 621 720 646 gra-gas:
741 621 809 646 quae
829 614 969 639 hominem
990 616 1106 649 prodere
1128 617 1257 640 videntur
1279 618 1306 640 in
1327 617 1448 640 Cnvensl
1470 618 1642 642 Monnsierlm
1661 620 1800 648 educatu-i,
1821 629 1850 644 nc
1870 621 1970 645 dclndv

156 661 191 686 nd
211 661 327 685 alterum
346 662 499 695 quodpiam
520 662 721 687 Menanterlum
742 663 890 694 regendum
913 665 967 688 inm
986 664 1034 688 dlu
1055 666 1178 689 missum.
1215 665 1319 689 Rursus
1339 666 1367 689 ln
1390 665 1453 690 Vltu
1473 667 1499 690 S.
1526 666 1599 691 l'etrl
1626 669 1679 691 nit:
1711 668 1833 692 lohannes
1858 670 1969 693 ea'usdcm

155 710 241 735 nostri
257 711 424 739 Monasterff.
443 712 488 743 qui
504 712 584 736 etiam
603 712 641 736 ad
657 714 701 736 lmc
728 712 878 737 Venusinam
899 714 1089 737 Manastm'mn
1109 722 1203 738 mecum
1224 715 1305 739 venit.
1343 714 1435 741 Quare
1455 717 1622 740 sententiam
1640 717 1799 742 Mznblllonii
1815 721 1886 742 rccu-
1905 728 1968 743 von·

157 760 256 784 sistere
274 760 432 790 ediscimus,
453 761 508 785 nisi
528 761 602 792 quod
623 761 749 793 pluribus
770 762 798 785 in
820 762 890 786 locis
911 770 938 786 se
959 763 986 786 in
1007 763 1104 786 codem
1131 762 1250 786 Cavensi
1280 763 1453 787 Monastcrio
1480 764 1545 787 hacc
1573 765 1663 788 litt-ris
1690 767 1870 795 musignano
1896 768 1967 790 idem

154 807 284 842 Scriptor
301 808 452 841 significat.
489 807 553 837 Quo
572 812 665 834 nutem
684 812 809 843 tempore
828 812 941 839 vixerit.
960 820 994 835 cx
1013 812 1049 836 iis
1067 813 1174 836 elucere
1194 815 1295 845 potest,
1314 820 1383 844 quac
1403 814 1430 836 in
1447 814 1511 837 Vita
1531 816 1557 838 S.
1573 815 1674 839 Leonis
1694 816 1813 839 Λὶψ-τὶς
1832 816 1969 840 Cava-nnis

155 857 277 882 Secundi
295 858 389 883 habet:
413 859 466 884 Hic
484 858 562 890 (sunt
580 860 640 884 elus
660 859 754 890 verbu)
773 864 802 884 ut
822 861 957 891 Discipuli
975 862 1037 891 eius,
1057 863 1103 892 qui
1120 870 1198 892 usque
1216 863 1253 886 ad
1271 866 1360 886 nostra
1387 863 1513 892 Tempora
1534 863 1559 886 in
1580 864 1744 887 Monasterio
1757 864 1880 895 suerunt.
1900 866 1972 888 soliti

156 910 216 931 sunt
234 908 350 940 referre,
368 908 394 932 in
414 911 516 932 tantam
535 909 622 933 cordis
637 909 787 939 puritatem
802 910 922 940 profecit
941 918 988 935 etc.
1026 910 1070 934 Ab
1089 910 1176 934 Anno
1200 916 1265 941 1050
1284 918 1368 942 usque
1386 911 1420 934 nd
1441 912 1555 935 Annum
1578 918 1644 943 ¹⁰79
1669 912 1764 936 floruit
1791 912 1846 936 Leo
1867 913 1968 942 Abbns,

156 962 212 988 quo
231 957 320 981 vitam
339 963 401 980 cum
421 957 512 981 morte
531 957 660 982 mutavit.
698 956 791 986 Quum
812 965 877 982 vero
898 959 941 982 vel
962 959 1109 990 sexaginta
1129 961 1193 991 post
1213 959 1295 983 annis
1314 960 1374 983 eius
1394 960 1534 991 Discipuli
1562 961 1726 991 superstites
1744 960 1880 992 Scriptori
1903 962 1967 985 hae«-

156 1011 299 1029 ennrrnsse
316 1006 468 1038 potuerint¹
487 1006 548 1038 jure
567 1006 715 1039 conjicias.
736 1006 816 1031 Vitas
835 1007 916 1031 hasce
936 1008 1048 1032 circiter
1068 1007 1182 1032 Annum
1205 1015 1271 1039 ¹¹⁴0
1290 1008 1382 1032 literis
1402 1008 1521 1032 traditas
1543 1009 1635 1033 tuisse.
1673 1008 1776 1033 Rursus
1796 1010 1970 1034 animadver-

155 1055 198 1079 tu
218 1054 303 1079 velIm
321 1061 392 1086 quac
409 1055 439 1079 in
460 1053 526 1079 vita
545 1054 635 1079 Tertii
655 1054 792 1081 Cavensls
812 1055 940 1084 Abbatls.
960 1056 1011 1080 hoc
1031 1057 1072 1080 est
1091 1055 1186 1080 Sancti
1208 1055 1293 1084 Petri,
1312 1056 1472 1080 Historicus
1494 1058 1588 1080 noster
1608 1056 1722 1081 referat:
1750 1058 1841 1086 Senem
1867 1058 1968 1089 inquit,

165 1103 327 1128 Venerabilis
345 1103 443 1127 Petrus
461 1103 614 1134 Spoletinus
633 1108 659 1128 et
678 1104 776 1128 Petrus
802 1105 938 1133 Troianus,
957 1106 1032 1137 cujus
1051 1106 1193 1137 religionis
1213 1114 1243 1129 ac
1260 1105 1371 1135 pietatis
1383 1105 1501 1137 suerint,
1520 1106 1613 1133 nullus.
1632 1107 1677 1137 qui
1695 1113 1782 1129 eorum
1808 1110 1923 1136 tempore
1943 1107 1968 1130 in

157 1152 323 1176 Mor-asterio
341 1151 445 1182 noansit,
464 1152 619 1184 ignoravit:
639 1153 662 1177 ii
677 1153 742 1177 mihi
758 1161 872 1178 narrare
891 1157 1081 1178 consueverunt
1100 1157 1146 1178 etc.
1167 1154 1253 1178 Anno
1275 1160 1338 1185 1123
1367 1153 1486 1177 Sanctus
1512 1154 1563 1177 Vir
1587 1153 1683 1178 Petrus
1709 1154 1802 1178 Abba»
1828 1158 1968 1186 postremo

156 1200 216 1225 rato
234 1200 374 1225 sublatum
393 1201 507 1225 dicitur.
543 1200 676 1226 Monachi
695 1202 750 1226 duo
771 1202 878 1226 laudati
897 1204 1040 1234 gestorum
1062 1204 1145 1226 testes
1166 1209 1259 1226 rursus
1278 1204 1304 1226 et
1325 1203 1379 1234 ipsi
1403 1204 1488 1226 vitum
1510 1203 1695 1235 produxerint
1710 1204 1741 1226 ad
1758 1203 1871 1227 Annum
1885 1211 1969 1235 usque

159 1255 226 1282 1150
243 1252 270 1274 et
289 1249 362 1281 quod
381 1251 512 1274 excurrit.
549 1249 623 1282 Ergo
641 1257 675 1274 eo
694 1252 819 1284 tempore
838 1251 997 1275 Historicus
1017 1253 1112 1275 noster
1131 1251 1257 1275 floruisse
1276 1251 1436 1275 credendus.
1475 1251 1608 1282 Reliquos
1622 1253 1726 1276 omitto
1741 1254 1823 1276 testes
1844 1260 1857 1275 a
1872 1255 1968 1276 nostro

155 1299 396 1327 commemoratos,
414 1300 462 1330 qui
481 1299 594 1331 quidem
613 1299 682 1324 bene
701 1300 793 1330 multi,
813 1300 877 1325 dum
898 1301 920 1324 is
940 1301 1080 1329 scriberet,
1101 1301 1245 1329 vivebant,
1263 1301 1314 1325 hoc
1335 1302 1444 1324 tantum
1465 1301 1590 1324 innuisse
1609 1302 1765 1328 contentus,
1781 1301 1920 1324 nominari
1936 1301 1968 1324 ab

155 1349 219 1380 ipso
237 1347 267 1372 in
287 1347 354 1372 vita
371 1346 466 1372 Sancti
487 1348 565 1372 Petri
592 1348 770 1373 venerabilem
788 1357 874 1374 mrum
893 1350 1020 1374 Abbatem
1039 1358 1121 1374 meum
1141 1350 1296 1374 Simeonem.
1332 1350 1405 1381 Ergo
1426 1349 1554 1373 Vitat-um
1575 1349 1683 1373 Auctor
1703 1350 1752 1373 sub
1778 1350 1834 1373 isto
1860 1350 1968 1373 Abbate

154 1396 323 1421 Monachum
340 1397 431 1429 egisse
450 1396 570 1421 videtur.
606 1397 720 1422 Simeon
741 1400 840 1429 autem,
861 1398 1038 1424 Constabilis
1057 1406 1208 1428 successor,
1229 1401 1302 1423 inter
1321 1399 1461 1423 Cavenses
1475 1399 1598 1422 Abbatcs
1617 1396 1741 1425 Quintus
1754 1399 1788 1422 ab
1802 1399 1887 1422 Anno
1905 1406 1969 1430 1¹²4

154 1452 240 1478 usque
257 1445 293 1471 ad
314 1452 377 1478 1141
398 1446 567 1471 Monasteril
585 1453 679 1471 curam
698 1447 841 1480 vitamque
860 1448 1003 1481 produxit.
1024 1450 1055 1473 ut
1075 1449 1169 1472 videas
1189 1449 1335 1472 confluere
1354 1449 1451 1472 omnia
1467 1449 1495 1472 in
1509 1448 1641 1477 eamdem,
1655 1454 1736 1479 quam
1752 1448 1895 1479 proposui,
1908 1456 1967 1472 sen-

156 1496 284 1524 tentiam,
301 1497 385 1527 atque
402 1495 469 1519 hinc
489 1495 573 1519 facile
591 1495 745 1528 Scriptoris
764 1497 847 1529 hujus
867 1499 986 1522 aetatem
1005 1497 1114 1529 colligi.

241 1542 324 1572 Quod
343 1551 416 1568 nunc
436 1544 529 1575 velim,
550 1551 656 1569 mecum
676 1545 756 1570 adeat
774 1544 876 1570 Lector
895 1546 998 1570 Versus
1017 1545 1188 1570 Cavensium
1208 1546 1322 1570 Patrum
1348 1546 1423 1570 Vitis
1449 1546 1599 1578 subJectos.
1636 1545 1676 1569 Ibi
1703 1548 1858 1570 recensetur
1884 1546 1967 1570 series

154 1593 296 1618 Abbatum
315 1594 348 1618 ab
367 1593 481 1618 Alferio
499 1593 596 1618 Primo
615 1601 701 1626 usque
719 1593 754 1618 ad
772 1592 895 1619 Leonem
915 1595 949 1619 11.
986 1594 1129 1627 Scriptum
1149 1602 1216 1619 vero
1236 1595 1355 1620 Carmen
1377 1595 1439 1625 suit,
1461 1602 1517 1625 quo
1543 1597 1667 1625 tempore
1693 1595 1716 1618 is
1742 1595 1798 1618 Leo
1825 1595 1912 1618 adhuc
1938 1596 1966 1618 ln

154 1642 230 1667 vivis
248 1644 316 1672 erat,
334 1644 362 1667 et
381 1643 437 1668 lam
456 1645 540 1667 xxvxi
559 1643 653 1668 Annis
671 1645 698 1667 et
718 1644 860 1668 mensibus
880 1650 923 1668 vu
943 1642 1070 1668 Cavense
1089 1643 1266 1668 Coenobium
1286 1644 1406 1676 regebat.

717 1715 756 1740 Et
769 1718 833 1746 post
849 1716 877 1740 in
897 1716 983 1741 Caelis
1002 1716 1056 1740 Leo
1075 1716 1173 1740 militet
1190 1716 1240 1740 iste
1259 1716 1407 1740 Secundus:

154 1790 195 1815 itu.
213 1791 312 1815 scribit
330 1789 508 1816 versificator
525 1791 584 1822 ille,
604 1791 678 1816 hunc
697 1791 836 1816 Abbatem
856 1792 982 1817 nondum
1001 1799 1016 1816 e
1034 1792 1110 1816 vivis
1127 1793 1252 1824 ereptum
1273 1792 1403 1815 innuens.
1439 1790 1552 1815 Floruit
1571 1791 1662 1814 autem
1682 1790 1740 1814 Leo
1759 1790 1784 1814 11
1810 1791 1902 1814 Abbas
1929 1789 1964 1821 (si

154 1839 221 1864 fides
240 1837 380 1872 Catalogo
399 1847 495 1864 eorum
513 1840 656 1864 Abbatum
674 1840 752 1865 edito
771 1841 804 1865 ab
824 1840 955 1873 Ughello,
975 1840 1022 1865 sed
1043 1847 1060 1864 a
1085 1841 1190 1865 recenti
1216 1839 1360 1872 Scriptore
1385 1839 1532 1871 congesto)
1557 1840 1592 1863 ab
1617 1840 1704 1864 Anno
1731 1838 1797 1863 1268
1822 1847 1906 1870 usque
1932 1839 1965 1863 ad

154 1888 268 1913 Annum
290 1894 363 1920 1²94·
400 1888 689 1913 Animadvertendum
708 1891 812 1919 tamen,
831 1896 893 1913 cum
905 1889 981 1913 hisce
994 1890 1121 1913 versibus
1134 1896 1259 1922 pugnare
1271 1887 1440 1920 Catalogum
1454 1888 1594 1912 Abbatum
1609 1887 1777 1912 Cavenslum
1792 1888 1825 1911 ab
1838 1887 1968 1919 Ughello,

154 1938 186 1961 ut
204 1943 287 1970 supra
306 1937 398 1968 innui,
416 1937 523 1962 editum
541 1937 625 1963 Tom.
643 1937 702 1967 VII,
722 1945 784 1970 pag.
804 1942 855 1969 ⁵¹9
873 1937 936 1962 Ital.
956 1938 1030 1962 Sacr.
1047 1938 1119 1962 Nam
1139 1938 1179 1962 ibi
1199 1939 1264 1970 post
1290 1938 1457 1962 Leonardum
1483 1937 1622 1961 Abbatem
1648 1939 1826 1961 recensentur
1851 1937 1967 1964 Thomas,

156 1986 264 2011 lacobus
282 1989 309 2010 et
325 1987 439 2017 Amicus,
453 1987 549 2020 eisque
567 1987 743 2022 subnectitur
762 1987 818 2011 Leo
836 1986 870 2011 11.
906 1987 946 2011 At
964 1987 994 2011 in
1014 1987 1058 2011 his
1078 1987 1204 2010 versibus
1224 1987 1390 2011 Leonardum
1405 1986 1484 2010 nullo
1499 1987 1669 2017 interposito
1683 1986 1859 2017 subsequitur
1873 1985 1929 2009 Leo
1942 1985 1967 2009 11

153 2035 185 2058 ut
203 2033 333 2059 dubitare
352 2042 491 2068 cogamur,
512 2037 560 2060 aut
579 2037 634 2061 tres
655 2036 722 2060 illos
740 2035 879 2060 excidisse
898 2043 912 2060 e
931 2034 1064 2060 Carmine
1084 2043 1156 2060 nunc
1176 2035 1264 2065 edito,
1281 2036 1330 2059 aut
1350 2033 1462 2066 Ughelli
1484 2033 1653 2066 Catalogum
1673 2033 1756 2065 (quod
1777 2036 1868 2058 tamen
1896 2034 1964 2057 diffi-

155 2082 209 2107 cile
227 2081 332 2115 putem)
356 2086 460 2108 rectam
484 2085 583 2108 seriem
608 2084 725 2109 iliorum
751 2084 892 2109 Abbatum
918 2085 1035 2109 minime
1059 2084 1198 2108 exhibere.
1235 2083 1308 2116 Ergo
1334 2090 1419 2106 unum
1445 2083 1558 2111 affirmo,
1584 2082 1713 2106 mendose
1737 2083 1767 2107 in
1794 2082 1965 2114 Ughelliano

156 2130 294 2164 Catnlogo
313 2132 449 2165 appellari
470 2134 618 2158 Bassanum
635 2132 774 2158 Abbatem
794 2134 954 2159 Decimum:
974 2135 998 2158 is
1017 2133 1092 2158 enim
1112 2135 1185 2157 recte
1204 2135 1322 2157 vocatur
1342 2133 1484 2156 Balsamus
1503 2131 1532 2154 in
1552 2130 1685 2154 Versibus
1699 2131 1782 2154 modo
1797 2131 1966 2160 memoratis,

155 2187 242 2213 eoque
260 2181 376 2206 nomine
395 2183 486 2215 ipsum
505 2183 626 2207 donavit
644 2182 804 2207 Fridericus
822 2182 849 2207 11
868 2184 954 2207 Anno
975 2189 1050 2212 1221,
1070 2184 1100 2206 ut
1118 2183 1232 2207 constat
1257 2188 1291 2205 ex
1317 2181 1480 2213 Diplomate
1505 2179 1581 2205 edito
1607 2179 1636 2202 in
1663 2179 1790 2203 Bullnrio
1815 2178 1965 2204 Casinensi

155 2227 280 2254 Constit.
298 2235 358 2262 239.
393 2230 499 2256 Rursus
518 2231 548 2256 in
567 2231 644 2256 hisce
661 2230 795 2256 Versibus
814 2231 933 2264 legitur:

750 2302 837 2327 Huius
855 2302 1003 2333 scriptoris
1024 2302 1146 2333 Capuam*
1170 2302 1229 2326 Vita
1250 2301 1372 2326 Iohannis

753 2351 797 2376 Sit
812 2351 902 2375 multis
920 2351 1004 2379 annis,
1022 2359 1095 2382 quem
1114 2350 1183 2374 ditet
1200 2350 1310 2374 coelicus
1330 2349 1413 2374 amnis

240 2423 312 2449 Tum
331 2424 488 2450 subduntur
506 2425 556 2450 alii
575 2425 632 2450 duo
651 2431 758 2451 versus:

776 2501 856 2535 Quod
872 2502 949 2526 iussit
965 2500 1030 2530 fieri
1045 2500 1191 2525 scrutatrix
1208 2501 1301 2524 sedula
1320 2500 1382 2524 veri

776 2550 863 2575 Plena
882 2550 939 2575 Dei
954 2549 1028 2574 donis
1046 2549 1158 2574 Abbatis
1175 2557 1239 2574 cura
1260 2549 1364 2573 Leonis.

241 2622 385 2656 Adspectu
402 2623 496 2655 primo
515 2625 581 2648 nata
599 2624 640 2648 est
659 2624 730 2648 mihi
749 2625 884 2657 suspicio,
902 2623 1044 2656 designari
1064 2623 1109 2648 his
1129 2623 1262 2647 Versibus
1282 2624 1436 2647 Auctorem
1455 2621 1594 2650 Vitarum‚
1608 2628 1675 2652 quas
1694 2627 1768 2645 nunc
1781 2619 1882 2646 Lector
1894 2621 1967 2646 acci-

153 2672 204 2705 pit.
224 2677 322 2704 nempe
342 2671 480 2696 Iohannem
500 2672 652 2702 Capuanum
670 2674 830 2701 monachum;
850 2672 973 2697 Leonem
995 2679 1060 2696 vero
1079 2672 1216 2696 Abbatem
1235 2672 1288 2695 hoc
1309 2671 1354 2695 illi
1379 2670 1584 2694 commendasse
1609 2676 1690 2694 onus.
1726 2669 1778 2694 Sed
1803 2671 1962 2702 conjectura

152 2719 289 2754 eJusmodi
309 2720 388 2744 brevi
407 2721 540 2750 evanuit;
559 2727 623 2744 nam
641 2720 780 2746 Iohannes
799 2721 849 2745 ille
868 2720 1022 2745 Monachus
1041 2721 1156 2744 vivente
1175 2721 1237 2752 ipso
1256 2720 1349 2744 Leone
1374 2719 1399 2743 11
1426 2719 1561 2743 florebat:
1587 2718 1644 2742 Leo
1669 2719 1759 2742 autem
1785 2718 1840 2742 iste
1865 2719 1962 2742 saltem

154 2770 218 2800 post
236 2768 351 2793 Annum
370 2767 480 2793 Christi
500 2767 576 2800 1256,
593 2769 646 2793 hoc
663 2771 706 2794 est
725 2771 835 2794 centum
854 2770 946 2797 annis,
965 2770 1144 2802 posteaquam
1163 2770 1350 2792 concinnatae
1371 2768 1480 2792 fuerant
1500 2766 1582 2791 Vitae
1601 2767 1688 2799 ipsae,
1706 2768 1748 2791 uti
1768 2774 1852 2800 supra
1871 2770 1962 2791 osten-

151 2816 253 2848 dimus,
271 2816 394 2842 Cavensi
412 2816 589 2842 Monasterio
608 2819 740 2850 praefuit.
776 2816 869 2846 Quare
889 2818 964 2842 nihil
989 2818 1067 2842 aliud
1092 2817 1182 2850 egisse
1207 2817 1320 2841 videtur
1348 2817 1472 2840 Iohannes
1499 2817 1646 2847 Cumanus,
1674 2817 1729 2840 nisi
1755 2822 1961 2845 amanuensem,

153 2872 258 2897 suoque
275 2867 401 2897 tempore
420 2865 610 2898 descripsisse,
629 2873 698 2898 quae
716 2867 772 2891 iam
791 2867 840 2891 diu
859 2868 965 2899 scripta
983 2866 1150 2891 existebant.

241 2913 371 2938 Ceterum
388 2914 438 2939 has
457 2913 537 2938 vitas
557 2915 740 2940 Clarissimus
758 2915 830 2940 olim
849 2914 901 2939 Vir
920 2915 1086 2939 Benedictus
1105 2914 1274 2938 Baechinius
1298 2913 1502 2938 Mutinensium
1528 2912 1745 2938 Benedictorum
1771 2912 1865 2936 Abbas
1890 2912 1961 2936 mihi

153 2962 355 2995 suppeditavit,
373 2963 528 2997 descriptas
546 2964 633 2988 Anno
654 2963 721 2996 1644
743 2971 779 2988 ex
797 2964 915 2995 antiquo
941 2962 1048 2988 Codice
1072 2962 1299 2995 Lougobardicis
1325 2962 1533 2987 characteribus
1557 2963 1684 2992 exarato,
1707 2962 1754 2993 qui
1780 2961 1810 2985 in
1835 2961 1962 2985 Archivo
