2280 3476
121 416 202 434 c,15v

112 1045 187 1067 Mun..
204 1050 242 1068 ²¹9

138 1213 156 1227 c.
173 1209 219 1226 16r

137 1637 158 1651 c.
173 1633 218 1651 [ότι

254 2233 284 2250 10

254 2439 282 2464 15

253 2651 286 2668 20

253 2858 282 2883 ²5

532 164 696 200 VITAE
723 162 986 203 QUATUOR
1014 161 1256 198 PRIORUM
1282 160 1544 196 ABBATUM
1575 159 1884 196 CAVENSIUM

300 297 482 329 ecclesiam
506 296 614 328 sancti
639 295 764 328 Leonis
786 295 830 327 de
855 295 972 327 Veteri
986 293 1005 332 ¹,
1030 304 1131 337 quam
1155 294 1227 336 ipse
1251 298 1502 330 construxerat,
1525 292 1675 325 secessit.
1723 292 1847 324 Petrus
1870 298 1983 324 autem
2014 302 2117 324 vene-

299 350 416 382 rabilis
432 349 536 381 abbas
559 349 754 380 monasterii
780 358 898 380 curam
920 347 1121 389 suscipiens,
1144 352 1239 378 tanta
1261 346 1486 388 malignorum
1510 345 1688 387 spirituum
1713 345 1843 377 invenit
1866 349 2120 386 temptamenta,

302 409 339 434 ut
362 409 431 434 tum
455 402 601 443 primum
625 400 780 432 diabolus
803 401 976 442 insurgere
1008 406 1128 432 contra
1159 400 1232 430 eius
1254 405 1332 431 acta
1361 398 1539 430 vi'deatur.
1586 398 1673 430 Nam
1704 398 1842 435 fratres,
1867 407 1950 439 quos
1973 397 2006 428 in
2031 397 2119 429 cella

301 455 462 497 repperit,
479 465 555 486 cum
579 453 813 486 Cluniacensis
837 452 968 485 ordinis
992 462 1111 484 norma
1133 452 1393 494 perstringeret,
1417 457 1485 483 tam
1509 451 1613 483 duros
1637 457 1671 483 et
1695 450 1885 483 obstinatos
1901 449 2035 482 invenit
2046 449 2069 488 ²,
2085 455 2122 481 ut

302 508 575 540 murmurationis
598 518 657 539 sue
679 507 827 538 susurria
849 506 893 538 ad
917 506 1026 537 virum
1061 505 1295 538 venerabilem
1329 504 1481 536 Leonem
1515 504 1704 540 deferrent,
1735 510 1838 546 atque
1868 503 1939 535 eius
1970 508 2119 533 mentem

305 561 494 603 simplicem
518 561 563 592 ad
584 560 669 591 iram
693 559 877 591 traherent.
925 557 1030 596 Quod
1054 569 1131 590 cum
1155 557 1277 590 Petrus
1301 557 1405 590 abbas
1426 557 1606 599 comperit,
1629 567 1670 588 ea
1693 566 1758 599 que
1781 562 1859 588 sunt
1882 554 2074 587 concordie
2092 560 2124 586 et

303 614 399 657 pacis
420 613 617 656 providens,
640 613 685 644 acl
708 612 952 644 monasterium
975 612 1085 643 sancti
1108 610 1331 653 Archangeli,
1348 611 1441 654 quod
1458 610 1492 642 in
1511 609 1685 642 territorio
1709 609 1837 642 Cilenti
1859 609 1961 641 situm
1987 614 2049 647 est,
2073 607 2125 640 di-

303 669 430 705 scessit,
460 666 576 708 ibique
608 665 763 697 collectis
793 664 967 703 fratribus,
998 665 1144 706 primum
1176 674 1330 696 normam
1361 664 1443 701 eius,
1474 674 1575 706 quam
1606 662 1787 700 didicerat,
1818 661 1948 694 ordinis
1975 661 2087 703 posuit
2099 660 2121 692 ³.

305 720 374 758 Qui
399 720 503 752 etiam
527 730 596 751 non
619 718 726 750 multo
748 724 824 760 post
847 725 1001 760 tempore
1025 729 1044 749 a
1066 723 1164 759 patre
1187 717 1308 749 Leone
1333 723 1367 748 et
1383 716 1546 748 fratribus
1569 721 1709 758 rogatus
1732 715 1846 753 rediit,
1871 721 1973 757 atque
1989 714 2122 746 institu-

302 774 440 814 tionem,
464 783 564 815 quam
588 771 683 813 prius
705 771 800 804 velut
822 781 962 814 gravem
987 776 1276 812 contempserant,
1302 780 1378 801 cum
1395 780 1519 814 magna
1535 769 1716 801 devotione
1739 773 1974 810 susceperunt.
2019 767 2122 799 Cum-

303 837 368 869 que
393 826 485 857 fama
507 825 695 857 sanctitatis
718 824 789 856 eius
811 835 847 856 se
872 824 1092 857 vehementer
1115 824 1329 860 extenderet,
1353 821 1534 864 ceperunt'
1550 821 1646 854 multi
1662 821 1727 853 viri
1744 820 1887 860 nobiles,
1904 821 1999 852 multi
2016 819 2122 851 seculi

301 879 425 911 divites
448 888 488 910 ae
512 883 666 920 potentes
689 876 840 908 seculum
865 878 1036 916 deserere,
1060 882 1162 919 atque
1187 876 1219 908 ei
1241 876 1328 909 sein
1344 885 1490 918 superne
1508 874 1781 907 conversationis
1797 874 1994 916 magisterio
2010 872 2125 905 subiu-

303 942 394 974 gare.
440 929 511 962 Sed
533 930 738 972 sapientium
762 936 863 972 atque
887 930 1092 971 simplicium
1115 935 1212 961 tanta
1235 930 1279 961 ad
1302 940 1379 961 eum
1411 927 1591 960 multitudo
1623 928 1794 964 convenit,
1825 933 1862 959 ut
1891 927 1923 958 ei
1945 926 2125 968 promissio

302 985 362 1016 illa
385 983 501 1016 divina
524 983 619 1015 facta
642 983 748 1015 fuisse
773 983 960 1023 videretur,
977 993 1045 1025 qua
1061 982 1206 1014 dicitur:
1222 982 1363 1014 Faciam
1379 988 1411 1013 te
1428 982 1463 1013 in
1480 987 1618 1024 gentem
1642 990 1801 1023 magnam
1814 980 1835 1011 ⁴.
1884 979 1982 1021 Nam,
2000 985 2035 1011 ut
2052 979 2126 1021 qui-

304 1038 382 1069 dam
405 1036 585 1079 religiosus
607 1035 852 1078 paterfamilias
875 1036 937 1068 ab'
962 1035 1034 1067 eius
1057 1045 1116 1068 ore
1139 1045 1175 1067 se
1198 1035 1334 1067 audisse
1357 1039 1511 1071 testatur,
1535 1034 1683 1077 quadam
1700 1033 1755 1065 die
1773 1043 1849 1064 cum
1867 1038 1966 1074 pater
1983 1041 2126 1063 venera-

304 1090 380 1122 bilis
403 1095 493 1121 esset
515 1089 674 1131 hylarior,
698 1088 846 1131 quadam
869 1088 1064 1121 dilectionis
1087 1088 1290 1120 necessitate
1314 1092 1464 1124 coactus,
1487 1087 1664 1129 plusquam
1689 1086 1797 1118 tribus
1819 1084 1955 1116 milibus
1978 1085 2126 1116 virorum

305 1142 460 1174 habitum
483 1148 601 1174 sancte
626 1141 896 1174 conversationis
917 1152 952 1173 se
976 1141 1176 1183 imposuisse
1200 1147 1341 1173 testatus
1363 1145 1424 1178 est,
1448 1139 1532 1172 licet
1555 1144 1675 1181 postea
1689 1138 1927 1180 supervixerit,
1952 1137 2037 1169 etin
2053 1147 2124 1169 mo-

309 1195 457 1228 nasterio
481 1195 661 1237 receperit.
707 1195 807 1227 Tunc
830 1195 866 1226 in
890 1194 989 1226 huius
1012 1194 1076 1226 viri
1099 1194 1304 1226 monasterio
1328 1194 1428 1225 etiam
1453 1193 1501 1235 pii
1524 1193 1629 1234 patris
1645 1191 1771 1224 Alferii
1786 1191 1968 1234 prophetia
1985 1190 2126 1231 cla'ruit,

307 1260 374 1292 qua
398 1249 541 1289 dixerat,
566 1249 647 1291 quia
672 1249 714 1281 de
739 1248 860 1280 eadem
884 1248 972 1280 cella
996 1249 1144 1279 maxima
1168 1247 1212 1279 ad
1236 1254 1388 1279 eternam
1411 1246 1515 1278 vitam
1540 1256 1785 1277 conversorum
1809 1245 1902 1277 lucra
1927 1250 2040 1276 essent
2056 1244 2127 1276 col-

307 1302 446 1344 ligenda
460 1300 481 1333 5.
527 1301 603 1333 Viri
626 1312 761 1344 quoque
784 1301 892 1333 seculi
915 1307 1071 1343 potentes
1094 1306 1264 1342 ceperunt
1287 1310 1412 1343 magna
1436 1299 1643 1331 liberalitate
1667 1299 1711 1330 ad
1733 1298 1971 1330 sustentandos
1996 1297 2059 1329 Dei
2077 1297 2127 1328 fa-

305 1356 414 1388 mulos
437 1354 558 1397 predia
582 1360 615 1386 et
631 1355 862 1397 possessiones
885 1354 1126 1386 habundanter
1148 1354 1276 1386 offerre
1288 1353 1310 1385 ⁶.
1355 1352 1579 1394 Omnipotens
1602 1351 1693 1383 enim
1709 1352 1802 1383 Deus
1816 1351 1866 1383 ita
1881 1361 1998 1383 eorum
2022 1350 2129 1382 corda

308 1409 352 1440 ad
376 1419 462 1450 opus
484 1409 622 1450 pietatis
645 1408 789 1450 aperuit,
813 1413 849 1439 ut
872 1414 965 1439 tanta
989 1407 1197 1439 monasterio
1228 1407 1371 1445 ferrent,
1394 1412 1431 1438 ut
1454 1416 1522 1438 non
1554 1406 1662 1437 solum
1694 1405 1842 1437 collecta
1872 1405 1951 1436 illuc
1984 1404 2129 1435 fratrum

308 1462 490 1494 multitudo
513 1462 655 1499 viveret,
679 1461 740 1493 sed
764 1461 867 1492 etiam
892 1471 933 1491 ex
957 1470 1073 1492 eorum
1097 1460 1311 1502 plenitudine
1336 1460 1472 1492 effundi
1494 1458 1704 1501 pauperibus
1725 1458 1831 1490 multa
1855 1457 2045 1500 potuissent
2056 1455 2078 1488 ⁷.

396 1513 501 1551 Quod
526 1520 559 1546 et
583 1520 682 1556 pater
705 1513 911 1546 venerabilis
934 1513 1095 1545 nobiliter
1119 1512 1284 1552 exhibuit,
1309 1513 1390 1555 quia
1405 1523 1446 1544 ex
1461 1511 1549 1544 datis
1565 1511 1629 1544 sibi
1648 1511 1756 1553 copiis
1778 1521 1847 1542 non
1871 1511 1980 1542 solum
2005 1510 2129 1541 fratres

307 1567 503 1599 monasterii
525 1567 728 1610 regulariter
751 1567 957 1608 procuravit,
980 1566 1042 1598 sed
1067 1567 1167 1598 etiam
1191 1565 1475 1598 innumerabilem
1500 1575 1639 1597 censum
1664 1564 1825 1606 inopibus
1849 1563 2013 1606 erogavit.
2060 1563 2130 1595 Sed

306 1621 389 1663 quid
413 1631 489 1652 eum
513 1630 673 1662 erogasse
697 1626 828 1651 tantum
854 1619 1024 1657 dicimus‚'
1049 1629 1125 1651 cum
1150 1619 1251 1651 etiam
1267 1618 1424 1651 statuerit
1441 1619 1531 1650 unde
1548 1628 1684 1659 semper
1700 1616 1887 1660 erogetur?
1905 1617 1992 1648 Nam
2009 1616 2134 1648 nostris

309 1673 519 1716 temporibus
542 1673 696 1705 invenire
721 1673 859 1706 difficile
883 1680 945 1710 est,
968 1673 1027 1716 qui
1049 1673 1083 1704 in
1108 1682 1190 1704 cura
1214 1682 1401 1716 egenorum
1424 1671 1457 1704 ei
1479 1671 1597 1704 similis
1620 1676 1679 1703 aut
1703 1670 1835 1713 equalis
1857 1670 2032 1702 habeatur.

397 1726 494 1765 Quos
516 1727 673 1758 nimirum
698 1727 896 1759 catervatim
919 1736 1061 1768 pascere
1086 1737 1126 1758 ac
1150 1725 1276 1758 vestire
1300 1731 1536 1762 consueverat,
1559 1735 1600 1757 ac
1617 1724 1813 1757 vestiendos
1829 1729 1863 1755 et
1878 1723 2021 1755 alendos
2038 1729 2131 1755 tanto

398 1843 405 1859 ¹
420 1844 471 1868 Nel
489 1849 563 1875 1070,
577 1845 651 1876 dopo
666 1844 693 1868 la
706 1845 836 1868 rinunzia
849 1844 875 1867 al
891 1845 1052 1872 vescovato,
1062 1851 1112 1867 san
1127 1844 1192 1867 Leo-

312 1894 344 1909 ne
357 1886 397 1918 gli
412 1887 519 1910 cedette
533 1886 552 1909 il
563 1893 688 1918 governo
701 1886 774 1909 della
786 1886 873 1910 Badia
885 1885 921 1917 (v.
935 1893 1017 1917 sopra
1029 1893 1054 1918 p.
1067 1891 1106 1916 15.
1120 1893 1145 1909 n.
1157 1884 1193 1917 3).

397 1927 407 1943 ²
426 1929 618 1953 Sant'Alserio
638 1936 723 1952 aveva
745 1931 942 1952 ammaestrato
964 1929 970 1951 i
993 1930 1052 1952 suoi
1081 1928 1193 1952 monaci

311 1972 366 1995 alle
386 1978 550 1995 osservanze
570 1971 598 1994 di
620 1970 722 2002 Cluny,
743 1979 786 1995 ma
807 1979 863 1995 non
885 1971 1003 1995 essendo
1017 1979 1075 1995 esse
1088 1972 1192 2000 scritte,

310 2013 354 2036 col
368 2013 514 2044 progredIr
534 2013 577 2036 del
599 2015 692 2044 tempo
713 2013 740 2036 in
759 2014 845 2037 molte
859 2021 921 2037 cose
941 2014 1090 2037 dovevano
1104 2019 1194 2036 essere

311 2057 382 2078 state
401 2055 592 2078 dimenticate.

398 2093 408 2109 ³
429 2095 479 2118 Nei
501 2096 664 2119 documenti
685 2096 708 2119 si
728 2096 837 2119 ritrova
858 2103 906 2120 san
928 2096 1025 2119 Pietro
1046 2095 1145 2119 abbate
1165 2094 1194 2118 di

310 2138 336 2162 S.
358 2137 517 2169 Arcangelo
538 2138 639 2161 dall'11
659 2138 747 2170 aprile
763 2144 826 2168 1071
844 2139 869 2162 al
885 2139 998 2169 maggio
1015 2143 1079 2167 1072
1095 2136 1140 2167 (A.
1155 2135 1195 2164 C.‚

311 2179 370 2209 XII,
391 2187 417 2203 n.
437 2179 479 2210 85,
499 2187 540 2210 94,
562 2187 593 2212 97
614 2187 627 2203 e
648 2180 677 2209 B,
700 2179 814 2212 §.dove
834 2181 969 2204 ricevette
989 2179 1145 2203 donazioni
1166 2179 1195 2202 di

311 2224 383 2245 terre
403 2223 490 2246 anche
505 2223 549 2246 dal
566 2224 695 2254 principe
710 2222 825 2246 Gisulfo
840 2223 865 2246 II
876 2222 913 2253 (v.
929 2230 1011 2254 sopra
1030 2229 1056 2253 p.
1074 2228 1112 2250 12,
1129 2229 1156 2245 n.
1172 2227 1196 2250 2,

312 2264 329 2287 l.
350 2263 402 2291 26).
440 2263 537 2288 Torno
558 2264 800 2287 definitivamente
820 2272 834 2288 a
855 2264 933 2288 Cava
954 2265 998 2287 nel
1029 2270 1093 2296 1073
1114 2264 1196 2294 quale

312 2305 410 2330 abbate
430 2307 596 2330 coadiutore
617 2306 644 2329 di
666 2313 715 2329 san
736 2305 840 2335 Leone,
864 2313 942 2330 come
962 2308 984 2330 si
1006 2306 1085 2338 legge
1108 2305 1136 2328 in
1158 2312 1195 2328 un

312 2348 481 2372 documento
500 2349 544 2372 del
564 2348 656 2380 luglio
674 2355 739 2381 1073
754 2348 800 2379 (A.
822 2348 862 2377 C.,
881 2348 941 2373 XII.
963 2356 989 2372 n.
1009 2348 1051 2380 96,
1068 2356 1080 2371 e
1096 2347 1195 2375 XXIII,

313 2398 338 2414 n.
356 2389 422 2420 109).
449 2390 481 2414 V.
500 2390 661 2419 Scuusrssn,
681 2391 723 2415 La
739 2391 860 2415 Basilica
878 2391 907 2414 di
921 2392 949 2416 S.
968 2391 1061 2418 Paolo.
1076 2389 1195 2419 Torino,

314 2438 388 2463 1934,
409 2439 433 2464 p.
453 2432 500 2463 S3;
521 2431 710 2460 Gunmmsm,
731 2433 813 2456 Essai
828 2434 889 2462 etc„
909 2440 934 2465 p.
956 2438 996 2463 37.

400 2473 407 2488 ¹
433 2475 547 2502 Genesis,
568 2474 627 2503 XII,
648 2481 672 2498 2.

399 2514 409 2529 5
429 2515 450 2538 Il
471 2516 559 2547 lungo
579 2523 706 2547 governo
727 2516 756 2539 di
776 2523 824 2540 san
845 2516 952 2545 Pietro,
971 2516 1052 2547 quasi
1068 2522 1101 2546 50
1119 2515 1197 2544 anni,

312 2555 396 2588 porto
426 2557 450 2580 la
473 2557 559 2581 Badia
581 2558 608 2581 al
637 2565 688 2581 suo
717 2565 836 2590 apogeo,
857 2565 934 2581 come
963 2558 1197 2589 organizzazione

313 2599 480 2628 monastica,
509 2607 522 2622 e
551 2607 628 2623 come
660 2602 780 2631 potenza
811 2599 919 2623 feudale
946 2608 959 2623 e
981 2600 1108 2623 terriera.
1145 2598 1197 2621 Per

313 2648 395 2673 opera
416 2641 460 2664 del
480 2641 637 2665 Guiscardo
652 2650 665 2665 e
679 2642 723 2665 del
737 2642 807 2665 duca
821 2641 974 2672 Ruggiero,
989 2641 1037 2665 che
1052 2641 1197 2672 largirono

314 2683 454 2707 numerosi
483 2684 514 2706 ed
543 2684 712 2715 importanti
743 2685 889 2716 privilegi,
914 2684 1006 2707 chiese
1026 2691 1040 2707 e
1060 2684 1198 2713 territori,

315 2726 423 2749 imitati
443 2726 472 2749 in
494 2728 590 2756 questo
610 2726 645 2749 da
665 2733 719 2749 una
740 2726 847 2749 schiera
861 2726 890 2749 di
906 2725 1026 2749 Vescovi
1046 2734 1059 2748 e
1073 2725 1199 2756 Signori,

313 2770 323 2792 i
344 2769 456 2792 monaci
476 2770 590 2792 cavensi
610 2777 695 2793 erano
715 2771 804 2801 sparsi
827 2770 855 2793 in
877 2770 957 2800 quasi
978 2769 1115 2792 duecento
1142 2776 1198 2792 mo-

315 2812 418 2835 nasteri
441 2811 469 2834 in
492 2818 606 2834 numero
628 2812 739 2834 almeno
760 2812 788 2834 di
808 2813 871 2835 otto
886 2819 902 2833 0
917 2811 989 2834 dieci
1012 2811 1058 2834 nei
1078 2809 1126 2842 piu
1141 2811 1198 2841 pic-

314 2852 379 2882 coli,
397 2860 419 2881 e,
439 2853 511 2876 oltre
537 2853 746 2877 all‘ufficiatura
778 2853 853 2877 della
880 2853 983 2882 chiesa,
1009 2852 1200 2875 attendevano

315 2895 370 2918 alla
395 2896 504 2918 coltura
525 2895 569 2918 del
591 2896 682 2927 campi
702 2903 715 2918 e
736 2896 791 2919 alle
820 2894 966 2923 bonifiche,
986 2894 1146 2918 assistendo
1167 2894 1199 2917 ed

314 2937 461 2960 istruendo
481 2937 490 2960 i
511 2937 659 2960 contadini
675 2937 809 2960 chiamati
823 2945 838 2961 n.
852 2937 984 2961 lavorare
998 2936 1023 2959 le
1037 2936 1098 2959 loro
1112 2938 1198 2964 terre3

1246 1845 1345 1874 questi,
1363 1843 1513 1867 crescendo
1533 1849 1639 1874 sempre
1659 1842 1689 1866 di
1709 1848 1835 1869 numero,
1855 1841 1966 1864 davano
1987 1841 2096 1872 origine
2116 1846 2131 1864 a

1248 1885 1290 1909 dei
1313 1885 1398 1909 casali
1420 1886 1453 1908 ed
1474 1892 1489 1908 a
1509 1885 1594 1916 paesi,
1615 1884 1710 1908 alcuni
1730 1884 1773 1907 dei
1789 1883 1867 1914 quali
1881 1891 1951 1906 sono
1965 1884 2031 1914 oggi
2048 1883 2132 1906 citta-

1247 1928 1313 1951 dine
1334 1934 1500 1959 prosperose
1519 1935 1532 1950 e
1553 1926 1652 1950 ricche.
1689 1925 1822 1949 Federico
1843 1925 1868 1949 ΙΙ
1889 1926 1916 1948 in
1944 1933 1978 1948 un
2003 1924 2130 1956 diploma

1249 1969 1293 1992 del
1316 1969 1442 1993 febbraio
1465 1975 1527 1992 1221
1549 1968 1595 2000 (A.
1610 1966 1642 1991 C.
1655 1968 1698 1994 N..
1720 1976 1746 1991 n.
1769 1967 1812 1995 16:
1834 1966 2021 1995 (ΞυιιιΑυΜε,
2045 1967 2132 1995 Essaz,

1247 2012 1329 2044 App>¹
1352 2020 1377 2044 p.
1397 2011 1482 2042 xun)
1502 2019 1535 2035 ne
1556 2018 1707 2034 numerava
1727 2016 1775 2034 22:
1796 2007 1854 2033 cosi
1876 2009 1899 2032 si
1920 2009 2017 2040 spiega
2040 2009 2061 2032 il
2083 2016 2130 2032 nu-

1249 2062 1324 2078 mero
1343 2054 1373 2077 di
1393 2053 1504 2077 tremila
1526 2054 1635 2077 monaci
1656 2053 1686 2076 di
1706 2052 1752 2076 cui
1771 2052 1851 2084 parla
1872 2051 1999 2074 l'autore.

1337 2094 1347 2109 ⁶
1368 2096 1423 2119 Tra
1442 2095 1533 2125 questi
1555 2092 1569 2118 ὲ
1588 2094 1623 2117 da
1643 2093 1787 2117 ricordare
1814 2091 1990 2121 Guaimario‚
2017 2092 2132 2123 signore

1249 2138 1278 2161 di
1298 2136 1417 2166 Giffoni,
1438 2136 1517 2168 figlio
1537 2136 1564 2159 di
1588 2135 1692 2162 Guido.
1720 2135 1835 2158 fratello
1862 2134 1891 2158 di
1913 2134 2078 2157 Guaimario
2099 2133 2130 2161 V,

1250 2180 1299 2203 che
1318 2180 1436 2202 assieme
1451 2179 1475 2202 al
1496 2178 1574 2210 figlio
1596 2178 1740 2201 Giovanni
1759 2174 1834 2200 douo
1856 2177 1875 2200 il
1895 2176 1986 2199 casale
2012 2175 2039 2199 di
2061 2175 2132 2199 Sele-

1251 2222 1317 2245 fone
1337 2228 1433 2253 presso
1455 2220 1474 2244 il
1494 2220 1564 2248 Sele,
1586 2221 1671 2243 molte
1691 2222 1762 2243 terre
1782 2227 1795 2242 e
1815 2219 1842 2242 la
1862 2218 1955 2242 chiesa
1973 2218 1999 2241 di
2015 2217 2041 2241 S.
2061 2216 2134 2240 Mat·

1250 2266 1295 2287 teo
1316 2264 1353 2286 ad
1370 2264 1419 2286 duo
1438 2263 1551 2291 flumina
1573 2269 1630 2285 non
1651 2262 1730 2293 lungi
1752 2260 1796 2284 dal
1818 2260 1901 2292 luogo
1916 2260 1986 2283 dove
2005 2266 2051 2282 era
2065 2258 2132 2282 l'an-

1250 2307 1306 2330 tica
1327 2303 1397 2329 citt&
1418 2305 1445 2329 di
1467 2305 1557 2328 Velia.

1337 2345 1347 2361 ⁷
1367 2348 1521 2370 Numerose
1539 2354 1553 2369 e
1574 2346 1714 2376 frequenti
1735 2344 1887 2368 elemosine
1906 2344 1930 2367 ai
1952 2343 2050 2375 poveri
2065 2348 2135 2366 sono

1250 2389 1417 2412 comandate
1431 2388 1506 2412 dalle
1521 2388 1728 2411 Consuetudines
1743 2386 1941 2410 Cluniae-enses:
1956 2384 2029 2408 oltre
2044 2383 2135 2414 quelle

1250 2430 1427 2462 quotidiam,
1448 2431 1476 2454 in
1497 2431 1570 2454 tutte
1589 2429 1614 2453 le
1634 2429 1703 2452 feste
1722 2435 1807 2452 erano
1833 2427 1977 2460 prescritti
2002 2426 2135 2449 donativi

1250 2481 1264 2497 e
1284 2474 1339 2496 cibi
1362 2473 1394 2496 da
1415 2472 1593 2496 distribuirsi
1613 2471 1724 2494 almeno
1739 2478 1753 2493 a
1767 2469 1864 2493 dodici
1885 2469 1993 2500 poveri.
2030 2467 2068 2491 Le
2082 2469 2135 2490 ric-

1252 2515 1358 2545 chezze,
1378 2515 1426 2538 che
1450 2521 1498 2546 per
1518 2514 1545 2537 la
1566 2514 1640 2536 fama
1659 2512 1688 2535 di
1709 2511 1815 2535 santitfa
1838 2511 1994 2534 affluivauo
2014 2517 2029 2533 a
2049 2509 2134 2536 Cava.

1251 2559 1274 2580 si
1296 2558 1480 2580 riversavano
1501 2556 1528 2579 di
1550 2563 1645 2579 nuovo
1666 2562 1718 2578 ove
1738 2554 1759 2577 il
1780 2554 1901 2584 bisogno
1922 2553 1947 2576 le
1962 2551 2134 2575 reclamava:

1253 2605 1356 2629 spesso,
1377 2605 1455 2622 come
1475 2598 1536 2621 dice
1556 2597 1577 2620 il
1596 2596 1737 2628 biografo,
1759 2602 1844 2619 erano
1864 2595 1978 2625 erogate
1997 2595 2074 2617 clam.
2114 2592 2135 2615 E

1253 2647 1318 2672 pare
1338 2640 1387 2663 che
1413 2640 1439 2662 la
1460 2639 1534 2662 sama
1554 2638 1626 2662 delle
1652 2637 1792 2660 ricchezze
1812 2636 1855 2660 dei
1878 2635 1990 2659 monaci
2010 2634 2038 2657 di
2058 2633 2136 2657 Cava

1252 2683 1274 2705 si
1298 2682 1370 2705 fosse
1389 2681 1538 2712 divulgata
1560 2680 1705 2710 alquanto,
1732 2686 1759 2702 se
1779 2686 1836 2701 uno
1857 2678 1962 2701 storico
1984 2676 2090 2707 inglese
2109 2675 2136 2699 la

1253 2726 1355 2754 poteva
1376 2724 1594 2755 espressamente
1620 2722 1749 2751 rilevare,
1775 2720 1923 2744 scrivendo
1943 2719 2015 2742 della
2035 2717 2137 2742 Badia:

1255 2766 1480 2796 “religiosorum
1505 2764 1649 2788 habitatio
1675 2765 1716 2786 est
1748 2762 1959 2790 monachorum,
1985 2760 2085 2791 quibus
2109 2761 2137 2782 et

1255 2807 1431 2830 “secundum
1456 2806 1611 2838 regularem
1638 2807 1723 2828 ritum
1749 2803 1923 2828 abundantia
1949 2803 2085 2831 ciborum,
2109 2803 2138 2824 et

1256 2848 1403 2872 “omnium
1418 2849 1519 2879 quibus
1535 2848 1644 2878 indiget
1663 2847 1784 2870 humana
1805 2845 1964 2872 necessitas,
1990 2843 2137 2867 affluentia

1255 2891 1267 2904 “
1281 2899 1371 2916 rerum
1383 2910 1395 2922 Ι,
1419 2890 1600 2922 (Οιωκκιουε
1619 2889 1751 2917 vimus,
1775 2888 1906 2916 Historia,
1920 2887 1937 2911 l.
1952 2886 2025 2914 XIII,
2042 2887 2082 2909 M.
2105 2885 2137 2909 G.

1258 2935 1293 2958 H.
1315 2935 1374 2964 ss„
1389 2934 1447 2961 xx,
1468 2932 1519 2964 75).

2150 767 2188 798 10

2152 1030 2189 1062 15

2151 1296 2193 1328 20

2153 1561 2195 1593 25

2158 1930 2193 1955 30

2161 2141 2192 2167 35

2161 2348 2196 2373 40

2163 2559 2195 2584 45

2165 2765 2199 2791 50
