2300 3554
436 198 619 234 DELLA
649 196 835 233 CHIESA
863 195 969 230 DEL
999 192 1332 229 MONASTERO
1362 191 1603 227 CAVENSE
1885 190 1928 228 47

282 339 425 362 CRUCEM
450 339 519 362 Hoc
544 338 581 361 IN
604 337 738 360 mu’lnn
760 336 948 359 SCULPTAM
979 333 1083 363 QUAM
1116 334 1242 357 culmis
1267 332 1518 355 sANC'rissmffls
1543 332 1706 354 nunnius
1735 332 1758 352 11

284 393 462 416 PONTlFax
498 391 659 414 MAXIMUS
695 391 729 413 m
759 389 877 413 SACRA
909 389 1014 411 nulus
1046 387 1238 411 Ecchsssmss
1269 386 1564 408 coNsncuA'rloNE
1596 385 1761 407 PROVRHS

284 446 440 469 summus
466 445 502 468 [Ν
532 444 674 467 SACRAE
698 444 759 466 Rm
791 442 922 465 SIGNUM
947 442 1040 464 OLEO
1064 441 1203 463 SANCTO
1226 440 1364 462 levrr
1391 439 1487 460 ΑΝΝΟ
1511 439 1658 461 SALU'ris·
1682 438 1760 459 MIL-

285 496 818 523 LESIMONONAGESIMOSECUNDO,
851 495 953 518 Notus
984 494 1202 517 SEPTEMBMS
1236 492 1444 515 INDICTIONE
1474 492 1760 518 Qum‘rmmcmm.

65 575 83 607 5
196 575 283 607 Tam
309 584 390 606 vero
415 573 598 615 magnifica
622 570 894 604 consecrationis
919 580 1044 611 pompa
1069 569 1145 606 fuit,
1170 575 1204 600 ut
1229 567 1392 600 continuo
1420 566 1609 597 suavissimi
1641 567 1767 598 odores
1799 576 1933 597 crema-

109 633 236 660 rentur.
254 626 443 659 dulcissimi
460 630 651 658 concentus
675 623 886 662 nudirentur,
910 632 1115 665 organorum
1141 631 1180 652 ac
1207 620 1363 652 tibiarum
1389 620 1431 651 ad
1458 620 1734 650 iucundissimum
1761 629 1937 650 numerum

108 679 372 717 modulationes,
396 685 432 711 ut
456 689 525 711 non
549 687 650 710 aures
673 675 776 708 modo
800 676 1024 711 audientium,
1048 675 1110 706 sed
1127 680 1162 706 et
1177 674 1308 704 animos
1325 673 1368 704 ad
1387 673 1549 714 pietatem
1567 671 1835 713 religionemque
1853 671 1937 701 mira

109 733 241 765 ratione
278 732 521 764 accenderent.
571 730 760 770 Praecipue
794 739 873 760 vero
905 728 1151 759 Serenissimus
1183 727 1260 759 Dux
1293 725 1466 768 Rogcrius
1482 724 1500 762 ¹,
1534 726 1584 755 liis
1612 725 1750 765 pietatis
1783 724 1936 764 insigniis

109 787 290 824 excitatus,
315 795 431 817 coram
456 784 624 817 Pontifice
649 788 681 814 et
707 781 963 819 Cardinalibus‚
995 779 1212 813 audientibus
1244 778 1464 820 Principibus
1495 784 1528 809 et
1562 778 1712 818 l’opulis,
1745 776 1934 809 Cavensem

48 839 87 872 10
110 849 244 871 omnem
270 838 450 875 ditionem,
475 836 655 879 imperium
688 835 722 866 in
755 836 932 866 universos
963 834 1137 872 Lucanos,
1168 843 1187 864 a
1215 832 1442 873 vectigalibus
1469 831 1728 867 immunitatem,
1759 830 1937 871 Marisque

109 892 296 924 dominium
322 890 473 923 donavit.
522 890 685 921 Notarios
708 888 869 930 publicos
893 898 933 919 ac
959 887 1105 924 Iudices,
1129 886 1373 927 Vassallosque
1395 883 1535 916 creandi
1563 884 1760 915 facultatem
1785 882 1938 914 indulsit.

109 944 214 977 Morti
239 944 432 977 destinatos
455 941 636 984 eripiendi,
661 941 853 973 duellorum
887 940 1055 972 rationem
1088 938 1332 976 constituendi,
1357 948 1535 970 causarum
1562 936 1814 968 controversias
1846 935 1939 966 dcci-

110 999 228 1036 dendi,
251 997 504 1040 appellationes
527 994 760 1037 prosequendi
784 993 903 1026 tribuit
927 994 1136 1025 facultatem.
1184 993 1310 1034 Atque,
1333 997 1370 1023 ut
1392 992 1439 1022 ita
1454 991 1579 1029 dicam,
1596 1000 1673 1022 cum
1698 1000 1826 1021 summo
1842 995 1937 1030 pote-

110 1052 206 1084 statis
237 1051 365 1093 regalis
396 1049 468 1081 iure
499 1049 631 1081 reditus
663 1058 703 1079 ac
735 1048 868 1079 fructus
900 1047 943 1078 ad
975 1056 1138 1077 summam
1171 1046 1353 1077 multorum
1385 1044 1531 1075 millium
1562 1054 1742 1075 aureorum
1775 1041 1938 1083 religiosa

49 1104 86 1137 15
113 1104 321 1136 liberalitate
345 1103 498 1135 contulit.

198 1157 248 1189 Eo
281 1162 390 1188 autem
421 1155 587 1187 illustrior
618 1154 794 1186 Pontificis
826 1153 1061 1185 munificentia
1096 1152 1176 1190 fuit,
1208 1162 1274 1194 quo
1305 1158 1383 1182 sunt
1415 1151 1581 1183 caelestes
1613 1160 1706 1191 opes,
1741 1148 1935 1191 Divinaque

109 1219 252 1242 munera
275 1208 421 1241 terrenis
443 1214 546 1250 atque
579 1207 735 1238 humanis
763 1207 960 1238 illustriora.
1008 1205 1143 1237 Etenim
1177 1205 1221 1236 ad
1253 1204 1393 1236 Ducem.
1428 1209 1657 1244 caetorosque
1689 1201 1866 1233 Praelatos
1896 1211 1937 1232 ac

109 1262 300 1303 Principes,
323 1261 586 1302 universumque
610 1260 772 1301 populum
798 1269 995 1295 conversus,
1018 1257 1146 1290 Christi
1180 1257 1313 1288 Domini
1341 1255 1533 1288 uberrImos
1556 1256 1734 1287 thesauros
1758 1254 1939 1294 proferens

112 1315 271 1347 indulsit:
296 1313 342 1347 Ut
365 1314 392 1345 si
416 1314 492 1356 quis
517 1313 664 1345 Domino
689 1313 878 1353 opitulante
897 1313 931 1343 in
948 1311 1182 1352 poenitentiae
1200 1316 1289 1342 statu
1306 1311 1465 1345 existens,
1483 1314 1698 1341 sacrosantas
1715 1309 1822 1340 aedes
1845 1307 1940 1338 adie-

46 1370 88 1400 20
113 1369 168 1406 rit,
192 1377 260 1400 uno
287 1367 342 1399 die
367 1372 444 1398 ante
470 1365 576 1408 ipsius
599 1365 906 1397 Consecrationem
931 1371 964 1396 et
988 1374 1050 1405 per
1079 1369 1187 1395 totum
1219 1362 1311 1394 diem
1343 1367 1557 1404 sequentem,
1588 1362 1655 1393 hoc
1687 1367 1739 1393 est
1763 1368 1882 1404 quarta
1907 1367 1941 1391 et

110 1421 229 1464 quinta
251 1419 477 1461 Septembris,
503 1428 637 1451 necnon
662 1418 694 1448 in
716 1418 839 1450 diebus
863 1418 1003 1449 Coenae
1028 1417 1231 1448 Dominicae
1255 1422 1289 1447 et
1312 1415 1500 1447 Salvatoris
1525 1415 1696 1446 Passionis
1711 1415 1803 1446 illam
1821 1413 1938 1446 Indul-

111 1473 260 1517 gentiam
285 1478 526 1515 consequatur,
551 1482 652 1514 quam
678 1469 957 1513 consequere'tur
985 1471 1019 1500 in
1053 1470 1167 1502 eundo
1200 1475 1233 1500 et
1265 1469 1444 1501 redeundo
1471 1469 1515 1500 ad
1541 1468 1575 1500 S.
1601 1467 1761 1500 Iacobum
1786 1468 1936 1509 Compo-

111 1527 302 1560 stellanum.
348 1526 505 1559 Caeteris
528 1535 610 1557 vero
634 1526 712 1556 anni
738 1525 859 1556 diebus
883 1525 927 1556 ad
959 1525 1086 1555 dictam
1119 1523 1303 1554 Basilicam
1335 1532 1437 1554 causa
1468 1522 1663 1553 devotionis
1694 1521 1941 1553 accedentibus

111 1586 256 1624 quatuor
280 1590 445 1611 annorum
468 1589 510 1611 ac
535 1579 675 1611 totidem
701 1578 998 1621 quadragenarum
1023 1576 1168 1609 contulit
1187 1576 1452 1618 Indulgentiam.
1492 1575 1624 1607 Effecit
1640 1575 1754 1611 etiam,
1770 1580 1807 1606 ut
1824 1574 1939 1606 Sacel-

46 1634 87 1667 25
112 1634 181 1666 lum
204 1632 350 1665 Abbatis
374 1633 496 1665 eodem
519 1631 579 1664 die
603 1632 647 1664 ab
672 1631 902 1663 illustrissimo
920 1631 1079 1662 Brunone
1096 1629 1269 1671 Episcopo
1286 1627 1457 1671 Signino¹
1474 1634 1746 1665 consecraretur,
1771 1627 1941 1659 adiiciens

110 1686 366 1729 Indulgentiam
389 1685 485 1717 illum
508 1685 726 1718 visitantibus
748 1685 802 1716 his
825 1683 949 1716 diebus
972 1684 1069 1715 festis
1092 1688 1225 1725 septem
1243 1693 1409 1715 annorum
1426 1688 1460 1714 et
1476 1681 1616 1714 totidem
1631 1681 1940 1723 quadragenarum.

111 1739 291 1772 Ecclesiae
314 1749 397 1772 vero
421 1739 456 1771 in
479 1738 634 1781 proximo
658 1737 801 1780 Oppido
825 1737 957 1779 positae
981 1743 1015 1768 et
1039 1737 1162 1768 eodem
1187 1736 1242 1768 die
1267 1741 1491 1768 consecratae
1515 1745 1578 1777 per
1601 1734 1939 1766 Reverendissimum

112 1792 327 1836 Rangerium
351 1792 560 1835 Regitanum
585 1791 795 1833 Episcopum
820 1791 1004 1828 concessit,
1028 1796 1065 1822 ut
1088 1789 1210 1822 iisdem
1235 1789 1356 1820 diebus
1379 1798 1514 1820 necnon
1532 1789 1565 1819 in
1590 1787 1746 1820 omnibus
1761 1787 1942 1819 Solemmi-

113 1845 240 1878 tatibus
263 1845 390 1878 Beatae
412 1844 544 1877 Mariae
568 1844 723 1888 Virginis
746 1843 829 1876 illuc
853 1844 1068 1884 accedentes,
1085 1848 1216 1884 septem
1235 1852 1401 1874 annorum
1420 1847 1454 1873 et
1476 1840 1618 1873 totidem
1641 1841 1939 1883 quadragenarum

15 1920 26 1933 ι
49 1899 91 1931 30
114 1898 367 1941 Indulgentiam
392 1906 654 1941 consequantur.

199 1953 296 1995 Ipsos
320 1961 401 1983 vero
425 1951 626 1988 Monachos,
650 1960 853 1992 sacrumque
871 1948 1085 1981 Coenobium
1108 1948 1298 1991 privilegiis
1313 1949 1381 1980 suis
1397 1948 1443 1979 ita
1459 1947 1613 1985 munivit,
1638 1947 1863 1990 libertateque
1881 1947 1941 1979 do·

114 2005 219 2044 navit,
241 2010 278 2037 ut
301 2014 389 2047 quae
413 2005 478 2046 ipsi
505 2004 719 2036 Monasterio
743 2013 933 2045 compares.
957 2012 1069 2044 pauca
1092 2001 1255 2044 reperias,
1280 2007 1470 2042 anteponas
1493 2006 1607 2032 autem
1631 2001 1771 2031 nullum.

203 2056 292 2090 Tum
317 2067 400 2089 vero
421 2059 549 2099 po'mpa
572 2057 667 2088 finita
692 2057 737 2088 ad
761 2056 947 2088 claustrum
971 2066 1007 2086 se
1031 2055 1194 2087 Pontifex
1218 2065 1294 2086 cum
1319 2053 1563 2086 Cardinalibus
1587 2063 1628 2084 ac
1652 2053 1749 2085 Duce
1773 2053 1940 2095 Rogerio‚

114 2110 222 2143 Beato
245 2109 350 2142 Petro
382 2110 586 2148 deducente,
617 2119 653 2142 se
685 2109 879 2146 conferunt,
911 2107 1162 2150 Monachisque
1194 2107 1228 2138 in
1253 2117 1356 2138 unum
1389 2106 1562 2138 collectis:
1598 2105 1784 2144 “Vidistis‚
1815 2105 1941 2148 inquit,

51 2163 91 2196 35
120 2163 368 2200 “dilectissimi,
392 2169 476 2205 quot
498 2172 673 2195 sacrarum
697 2163 898 2194 unctionum
930 2160 1209 2198 delibationibus‚
1234 2166 1316 2202 quot
1340 2159 1631 2191 caeremoniarum
1656 2159 1790 2196 ritibus,
1815 2158 1942 2191 oratio-

120 2218 295 2259 “numque
318 2216 497 2260 suffragiis
519 2217 570 2248 usi
594 2226 718 2253 sumus,
742 2216 823 2247 dum
846 2215 976 2247 Domus
997 2214 1061 2246 ista
1086 2225 1147 2256 per
1171 2220 1306 2245 nostrae
1331 2213 1533 2244 humilitatis
1549 2212 1778 2243 ministerium
1795 2212 1942 2244 Domino

119 2269 134 2285 ‘⁴
149 2269 410 2302 dedicaremur?
436 2268 537 2307 Quae
561 2269 676 2301 omnia
698 2269 771 2300 sine
796 2267 900 2300 dubio
924 2273 1064 2309 propter
1087 2276 1146 2298 vos
1162 2272 1195 2298 et
1214 2276 1276 2309 pro
1293 2265 1450 2298 omnibus
1467 2270 1634 2307 quotquot
1649 2274 1756 2307 usque
1780 2264 1824 2296 ad
1840 2264 1941 2296 finem

120 2322 278 2355 “saeculi
302 2328 379 2355 sunt
400 2322 518 2360 futuri,
541 2323 635 2355 facta
658 2322 764 2362 fuere,
789 2321 823 2352 in
847 2321 969 2363 quibus
997 2320 1218 2362 spiritualiter
1241 2319 1482 2361 implebantur,
1507 2328 1593 2360 quae
1616 2318 1652 2349 in
1677 2317 1730 2349 his
1752 2317 1942 2359 parietibus

123 2375 329 2408 “visibiliter
350 2375 453 2408 hodie
477 2381 746 2417 praecesserunt.
792 2374 889 2406 Haec
914 2374 1052 2416 quippe,
1076 2383 1164 2416 quae
1181 2373 1215 2404 in
1233 2373 1299 2404 hac
1315 2371 1442 2404 visibili
1457 2372 1560 2404 domo
1584 2381 1646 2402 nos
1662 2371 1819 2408 fecimus,
1844 2370 1943 2403 Chri-

51 2430 93 2460 40
122 2430 218 2461 “stus
241 2429 335 2461 Iesus
357 2428 393 2460 in
415 2428 593 2461 animabus
618 2428 767 2460 fidelium
791 2427 944 2470 quotidie
975 2432 1147 2468 operatur.
1193 2425 1278 2457 Illae
1309 2435 1394 2457 vere
1427 2431 1460 2456 et
1484 2424 1622 2466 proprie
1648 2424 1768 2456 Sancti
1790 2422 1942 2466 Spiritus

120 2481 276 2523 “templa
297 2491 371 2513 esse
402 2486 599 2513 noscuntur.
646 2481 729 2519 Vos,
753 2490 774 2512 o
798 2480 868 2517 filii,
893 2480 973 2512 estis
989 2479 1173 2520 Templum
1202 2478 1266 2510 Dei
1289 2478 1372 2517 vivi,
1396 2478 1484 2509 sicut
1501 2477 1586 2509 dicit
1609 2476 1812 2519 Apostolus:
1838 2476 1941 2509 Tem-

122 2534 242 2576 “plum
264 2534 328 2566 Dei
351 2533 514 2567 Sanctum
539 2540 599 2575 est,
624 2533 716 2577 quod
740 2533 821 2565 estis
844 2543 914 2565 vos.
963 2531 1068 2574 Agite
1090 2532 1204 2575 igitur,
1219 2531 1355 2568 fratres,
1380 2537 1507 2573 quanta
1531 2530 1682 2573 dignitas
1705 2530 1750 2561 sit
1772 2529 1942 2572 Religiosi

122 2585 321 2628 “Monachi,
337 2597 438 2630 quem
453 2588 547 2620 Deus
562 2599 582 2619 a
597 2587 725 2620 saeculi
750 2586 907 2618 fluctibus
924 2596 1101 2623 emersum,
1117 2586 1152 2616 in
1169 2585 1422 2628 pacatissimum
1438 2584 1632 2627 Religionis
1655 2584 1765 2616 sinum
1791 2584 1942 2620 deducit,

122 2643 136 2658 ⁰¹
150 2647 186 2672 ut
208 2641 331 2673 mentis
353 2641 454 2673 oculo
477 2642 667 2673 monastica
691 2640 873 2681 disciplina
896 2645 1056 2682 purgato,
1081 2649 1183 2681 quam
1205 2639 1272 2670 sint
1295 2639 1442 2670 humana
1458 2638 1572 2670 omnia
1596 2643 1750 2679 angusta,
1774 2637 1941 2673 mortalia,

53 2693 94 2726 45
123 2694 279 2726 “erroris
301 2699 335 2725 et
357 2693 529 2727 inanitatis
561 2694 756 2736 plenissima
785 2692 1047 2734 deprehendere
1079 2692 1182 2724 facile
1214 2691 1331 2732 possit.
1378 2690 1431 2722 Ac
1464 2691 1548 2722 licet
1577 2691 1610 2721 in
1641 2690 1744 2722 terris
1776 2695 1941 2726 versetur,

207 2843 213 2859 ¹
234 2843 288 2869 Per
305 2846 400 2876 queste
419 2845 598 2869 concessioni
616 2845 660 2870 del
675 2846 744 2870 duca
758 2845 911 2877 Ruggiero,
927 2847 1000 2869 inse·
1054 2845 1168 2869 sarebbe
1187 2847 1261 2869 stata
1280 2846 1444 2868 consacrata
1464 2844 1499 2868 da
1518 2843 1646 2871 Oddone,
1665 2842 1794 2867 cardinal
1821 2849 1940 2866 vescovo
1970 2849 1983 2873 3

120 2887 173 2910 rite
191 2887 238 2917 poi
253 2886 329 2911 nella
346 2886 426 2911 bolla
444 2886 489 2910 del
512 2893 586 2918 1092,
606 2895 631 2911 v.
651 2887 744 2918 Kana,
763 2891 803 2918 op.
823 2888 876 2915 cit..
894 2894 920 2919 p.
940 2893 1000 2919 321.
1055 2887 1084 2911 di
1104 2887 1217 2911 Albano
1237 2894 1251 2910 e
1269 2887 1363 2918 quella
1383 2887 1428 2910 del
1442 2886 1544 2911 Casale
1559 2886 1605 2909 dal
1621 2885 1697 2910 card.
1710 2885 1834 2909 Berardo
1848 2885 1875 2908 di
1890 2884 1940 2907 Pa-

119 2928 143 2952 11
162 2927 237 2952 Kehr
255 2929 357 2953 ritiene
377 2929 425 2952 che
445 2930 541 2960 questa
560 2930 652 2954 storia
671 2931 713 2954 sia
733 2929 778 2953 del
806 2929 900 2953 secolo
919 2928 966 2954 XI.
1057 2930 1186 2960 lestrina;
1213 2930 1239 2953 le
1265 2930 1316 2953 due
1343 2930 1489 2953 redazioni
1515 2935 1702 2961 provengono
1723 2927 1756 2951 da
1783 2927 1939 2951 tradizioni

205 2968 217 2985 ²
234 2969 362 2995 secondo
381 2971 409 2995 la
425 2972 515 2996 storia
529 2972 620 3001 breve,
634 2972 661 2996 la
675 2971 814 3004 Cappella
835 2971 1001 2996 dell'abbate
1056 2971 1175 2995 diverse.

2002 1473 2057 1492 Mra
2072 1489 2075 1496 ‚
2094 1479 2130 1495 ²⁴0
