2280 3476
332 149 351 181 4
359 146 378 181 8
841 148 1033 185 STORIA
1061 149 1248 185 DELLA
1275 151 1637 188 DEDICAZIONE

318 281 342 324 ᾖ*
356 279 515 311 caelitum
539 284 655 312 tamen
673 280 744 312 iura
762 286 864 318 tenet,
882 287 916 312 et
931 282 996 312 iam
1013 281 1265 323 quodammodo
1284 283 1320 314 in
1335 283 1520 315 Beatorum
1537 295 1678 316 numero
1703 285 1901 318 collocatur.
1947 287 2042 320 Haec
2059 289 2146 320 enim

328 333 341 348 “
356 337 555 364 ornamenta
578 338 655 364 sunt
680 343 772 371 vera,
795 329 882 364 hae‘c
905 333 1107 365 admiranda
1130 334 1276 377 insignia
1308 335 1570 368 Monachorum.
1618 335 1849 374 Quamobrem
1882 340 1972 380 quod
2004 340 2149 378 habetis,

327 386 340 400 ‘⁴
354 390 475 422 tenete,
499 391 536 416 ut
559 395 724 417 coronam
749 392 895 417 vestram
918 396 1019 417 nemo
1044 387 1203 428 accipiat,
1227 394 1261 420 et
1284 398 1369 420 onus
1393 395 1555 431 nostrum,
1580 390 1745 422 carissimi
1765 391 1901 428 fratres,
1925 392 2006 434 quia
2032 399 2149 425 aucto-

327 439 340 453 “
354 438 454 468 ritate
478 447 548 469 non
571 438 664 476 licet,
688 438 849 480 precibus
873 439 995 471 vestris
1017 446 1162 481 portate,
1185 441 1395 483 pietatisque
1418 442 1551 474 affectu
1574 443 1688 475 vicem
1711 453 1823 474 meam
1846 444 1961 476 dolete
1977 468 2006 483 „.

408 490 483 522 Hiis
506 490 649 533 aliisque
673 491 784 530 dictis,
807 491 985 524 Fratribus
1007 493 1054 524 ad
1076 493 1203 534 pedum
1228 493 1347 525 oscula
1369 495 1537 534 admissis,
1561 495 1807 527 benedictione
1829 495 1974 534 indulta,
1998 508 2074 529 cum
2089 499 2150 530 Se·
2195 499 2214 530 5

321 543 499 575 renissimo
524 543 621 575 Duce
645 544 811 586 Rogerio,
835 544 991 587 aliisque,
1016 545 1075 587 qui
1100 555 1218 578 secum
1244 554 1418 585 venerant,
1440 546 1620 579 Salernum
1653 549 1800 590 repetiit.

818 704 985 736 BREVIOR
1009 715 1182 737 HISTORIA
1207 715 1360 738 EIUSDEM
1392 706 1654 740 DEDICATIONIS

1011 776 1102 806 (Arch.
1124 778 1193 801 Cav.
1211 777 1287 801 Arm.
1312 778 1345 803 0.
1364 786 1388 802 n.
1407 779 1459 810 18).

407 871 509 903 Anno
532 871 575 903 ab
599 872 837 905 Incarnatione
861 873 999 905 Domini
1024 873 1130 905 nostri
1155 874 1232 905 Iesu
1255 873 1383 905 Christi
1401 874 1563 906 MXCII⁰.
1605 876 1798 908 Indictione
1815 885 1873 907 xv.
1919 876 2149 918 Temporibus

318 925 459 956 Domini
482 924 613 957 Urbani
637 925 780 957 secundi
804 932 1021 969 sacrosancte
1045 926 1202 970 Romane
1227 927 1376 971 ecclesig
1401 927 1522 959 summi
1545 928 1734 969 pontificis:
1769 928 1974 961 Dominante
2008 930 2146 961 domino
2174 930 2212 962 10

319 977 408 1009 duce
432 978 600 1020 Rogerio‚
625 978 721 1010 ducis
744 979 890 1011 Roberti
913 978 1073 1011 Viscardi
1096 979 1186 1010 filio:
1214 979 1414 1022 Presidente
1438 980 1539 1012 etiam
1556 981 1635 1012 huic
1651 991 1749 1013 sacro
1766 982 1915 1014 Cavensi
1939 983 2148 1015 monasterio

320 1030 521 1063 Venerabili
544 1031 618 1063 viro
635 1038 668 1063 et
681 1038 799 1076 sancte
816 1032 885 1076 vite
902 1032 1037 1064 Abbate
1055 1032 1170 1070 Petro,
1187 1043 1315 1075 genere
1332 1034 1551 1071 salernitano,
1568 1044 1609 1065 eo
1625 1034 1804 1072 invitante,
1821 1035 1935 1066 Isdem
1951 1036 2021 1075 (sic)
2036 1036 2146 1067 domi-

318 1095 381 1115 nus
403 1095 552 1116 summus
573 1085 732 1126 pontifex
755 1085 800 1116 ad
824 1085 916 1117 hunc
940 1086 1054 1117 locum
1077 1096 1145 1116 una
1169 1096 1245 1117 cum
1270 1086 1472 1128 subscriptis
1504 1087 1690 1129 episcopis,
1721 1088 1918 1130 presbiteris
1940 1095 1974 1120 et
1997 1088 2145 1120 diacho-

319 1137 417 1169 nibus
440 1138 689 1176 CardinaHbus,
713 1149 753 1170 ac
779 1139 879 1170 etiam
904 1139 980 1170 aliis
1003 1139 1261 1181 quampluribus
1283 1141 1456 1181 episcopis
1486 1140 1627 1172 aliarum
1659 1141 1885 1173 ecclesiarum
1917 1142 2146 1183 personaliter

317 1191 488 1222 accedere
512 1197 562 1223 est
585 1191 755 1233 dignatus.
799 1192 844 1223 Et
867 1192 986 1233 quinto
1010 1192 1065 1224 die
1090 1193 1239 1224 intrante
1264 1202 1380 1224 mense
1404 1193 1618 1234 septembris,
1641 1195 1687 1226 ad
1704 1194 1869 1226 honorem
1893 1205 2021 1237 summe¹
2046 1201 2079 1226 et
2093 1195 2144 1226 in·
2171 1195 2208 1226 15

320 1243 459 1288 dividug
483 1244 673 1282 Trinitatis,
697 1245 766 1276 suis
790 1245 938 1286 propriis
961 1245 1116 1276 manibus
1138 1246 1173 1276 in
1196 1246 1261 1276 isto
1286 1246 1374 1283 loco,
1400 1247 1459 1288 qui
1483 1246 1654 1278 Metiliani
1679 1246 1774 1278 Cava
1797 1247 1985 1290 vulgariter
2015 1258 2145 1280 nuncu-

319 1304 429 1338 patur,
453 1298 634 1329 Basilicam
659 1298 844 1330 dedicavit.
890 1298 1089 1340 Indulgenti
1112 1299 1403 1340 contemplatione
1430 1299 1605 1331 cuiusdam
1636 1301 1850 1343 prerogative
1879 1301 2039 1342 specialis
2063 1302 2144 1333 cha-

318 1351 426 1382 ritatis
449 1357 482 1382 et
504 1350 686 1393 religionis
709 1351 938 1395 observantie,
962 1362 1064 1393 quarn
1094 1351 1138 1382 ab
1163 1358 1299 1393 esperto
1330 1352 1364 1382 in
1397 1353 1460 1383 isto
1483 1359 1605 1384 sancto
1637 1354 1714 1385 loco
1745 1354 1869 1386 didicit
1899 1354 2078 1395 pullulare,
2103 1366 2145 1386 ex

319 1410 414 1436 certa
437 1405 583 1436 scientia
605 1410 639 1436 et
661 1405 772 1447 gratia
795 1405 947 1446 speciali,
964 1412 1001 1436 ut
1017 1405 1236 1448 quicumque,
1252 1406 1400 1438 Domino
1418 1408 1632 1439 concedente
1650 1407 1756 1438 fuerit
1775 1408 1809 1438 in
1831 1413 1921 1439 statu
1944 1407 2145 1451 penitentie,

319 1463 353 1489 et
375 1458 420 1488 ad
444 1459 571 1489 dictum
595 1459 708 1490 locum
733 1460 825 1490 omni
847 1469 937 1491 anno
961 1469 1028 1490 uno
1052 1459 1108 1490 die
1143 1465 1222 1490 ante
1254 1458 1359 1500 ipsius
1386 1460 1532 1501 ecclesie
1564 1461 1861 1492 consecrationem
1889 1467 1922 1491 et
1946 1471 2007 1502 per
2038 1466 2144 1492 toturn
2168 1461 2210 1492 20

319 1510 409 1542 diem
434 1518 644 1553 sequentem,
669 1521 806 1543 necnon
829 1511 864 1543 in
890 1512 946 1543 die
969 1512 1056 1543 iovis
1079 1512 1189 1544 sancti
1211 1517 1245 1543 et
1266 1511 1504 1554 subsequentis
1529 1513 1599 1544 diei
1623 1514 1758 1544 veneris
1782 1513 1980 1550 accesserit,
2004 1514 2047 1545 de
2072 1523 2146 1544 om-

317 1563 417 1595 nibus
439 1564 606 1604 peccatis,
630 1565 671 1596 de
695 1565 816 1606 quibus
839 1574 919 1596 vere
944 1564 1112 1596 contritus
1136 1565 1252 1602 fuerit,
1277 1570 1311 1595 et
1335 1565 1525 1601 confessus,
1548 1566 1641 1597 illam
1672 1566 1922 1607 indulgentiam
1947 1572 1980 1597 et
2003 1566 2138 1597 veniam

318 1627 338 1647 a
369 1617 516 1648 Domino
540 1623 718 1654 mereatur,
744 1628 845 1659 quam
869 1619 1065 1660 acquireret
1089 1618 1123 1648 in
1148 1616 1262 1649 eundo
1287 1623 1320 1649 et
1343 1618 1520 1649 redeundo
1544 1618 1589 1649 ad
1612 1624 1766 1650 sanctum
1799 1618 1960 1650 Iacobum
1993 1617 2143 1660 Compo-

316 1670 512 1707 stellanum3
538 1671 680 1711 reliquis
710 1681 794 1702 vero
826 1671 1048 1712 temporibus.
1080 1671 1204 1702 diebus
1234 1671 1388 1713 singulis,
1417 1681 1518 1703 causa
1550 1672 1742 1703 devotionis
1772 1672 2029 1710 accedentibus,
2060 1683 2144 1714 qua-

316 1728 392 1754 tuor
416 1733 580 1754 annorum
603 1723 812 1765 totidemque
836 1725 1133 1766 quadragenarum
1158 1725 1292 1755 veniam
1315 1724 1454 1756 indulsit
1476 1735 1612 1756 suorum
1636 1732 1856 1766 peccatorum
1881 1726 1922 1756 de
1940 1726 2051 1768 gratia
2065 1735 2142 1766 spe·
2166 1724 2207 1756 25

318 1776 408 1808 ciali.
454 1776 712 1808 Accedentibus
734 1787 816 1808 vero
839 1778 886 1808 ad
909 1777 1076 1819 capellam
1107 1777 1241 1809 abbatis
1265 1778 1299 1808 in
1331 1778 1452 1809 eodem
1483 1778 1687 1810 monasterio
1715 1779 1824 1815 sitam,
1852 1784 1885 1810 et
1915 1777 1958 1810 de
1982 1778 2142 1810 mandato

315 1829 421 1870 ipsius
445 1830 562 1861 domni
586 1830 705 1860 summi
728 1830 902 1871 pontificis
926 1841 988 1871 per
1010 1836 1164 1862 sanctum
1191 1831 1299 1861 virum
1324 1831 1482 1862 Odonem
1506 1831 1704 1872 episcopum
1722 1830 1953 1862 Albanensem
1978 1832 2022 1862 ad
2037 1831 2143 1862 hono·

316 1893 387 1914 rem
412 1882 513 1926 beatg
538 1883 690 1924 Virginis
713 1889 960 1920 consecratam,
983 1884 1103 1915 diebus
1126 1884 1289 1927 predictis
1312 1894 1477 1915 annorum
1493 1893 1545 1915 vu
1569 1889 1602 1915 et
1620 1884 1762 1915 totidem
1786 1885 2084 1926 quadragenarum
2100 1883 2143 1915 de

317 1936 469 1977 peccatis
493 1936 746 1978 indulgentiam
770 1936 945 1978 elargitur.
993 1936 1154 1968 Similiter
1179 1936 1222 1968 ad
1247 1937 1429 1968 ecclesiam
1454 1942 1686 1968 constructam
1711 1937 1747 1968 in
1769 1937 1852 1968 villa
1884 1937 1995 1968 eidem
2027 1947 2143 1968 mona-

315 1988 419 2020 sterio
442 1988 633 2025 adiacente,
668 1988 861 2020 dedicatam
884 1989 958 2030 ipso
983 1990 1038 2021 die
1069 1990 1112 2020 de
1143 1991 1303 2021 mandato
1334 1990 1453 2020 summi
1485 1989 1655 2030 pontificis
1690 1989 1838 2034 predicti
1868 2000 1929 2031 per
1952 1989 2140 2021 Berardum
2164 1989 2206 2021 30

316 2041 547 2072 venerabilem
571 2042 678 2072 virum
702 2042 902 2083 episcopum
927 2042 1166 2079 Pelestrinum‚
1184 2042 1304 2074 diebus
1320 2048 1354 2073 et
1370 2042 1465 2074 festis
1482 2042 1654 2086 predictis,
1671 2052 1806 2074 necnon
1820 2042 1854 2073 in
1871 2042 2028 2074 omnibus
2044 2042 2142 2074 festi-

314 2093 476 2125 vitatibus
501 2094 654 2137 Virginis
677 2095 835 2137 gloriose,
859 2096 903 2126 ad
928 2096 1023 2126 cuius
1047 2095 1251 2127 vocabulum
1276 2102 1474 2128 constructa
1497 2102 1548 2127 est
1570 2096 1717 2127 ecclesia
1740 2101 1936 2132 memorata,
1954 2106 2004 2126 vn
2021 2105 2140 2132 annos,

314 2153 541 2189 quarantenas
564 2147 709 2179 totidem
725 2149 769 2179 de
786 2148 999 2191 indulgentia
1016 2159 1036 2179 a
1051 2148 1197 2180 Domino
1221 2155 1402 2180 mereatur.
1448 2149 1633 2181 Constituit
1649 2149 1749 2180 etiam
1765 2149 1874 2181 isdem
1891 2148 2036 2180 domnus
2051 2159 2141 2180 surn-

314 2211 386 2232 mus
409 2201 578 2242 pontifex,
610 2207 646 2232 ut
675 2201 791 2233 iddem
827 2203 1069 2233 monasterium
1090 2207 1124 2233 et
1148 2203 1260 2234 omnia
1292 2201 1444 2233 membra
1468 2212 1539 2239 sua,
1563 2201 1680 2233 habita
1703 2208 1737 2233 et
1760 2202 1931 2240 habenda,
1959 2203 2083 2233 situata
2105 2201 2139 2232 in

313 2253 451 2285 civitate
482 2260 516 2285 et
547 2254 677 2286 diocesi
708 2254 925 2286 Salernitana
956 2254 1000 2286 ab
1030 2255 1120 2286 omni
1151 2255 1226 2286 iure
1258 2261 1291 2286 et
1322 2255 1561 2286 iurisdictione
1598 2254 1884 2295 archiepiscopali
1916 2254 2051 2294 penitus
2074 2253 2141 2285 sint
2161 2252 2203 2284 35

315 2313 482 2347 exempta.
529 2307 751 2339 Postmodum
774 2318 856 2339 vero
881 2309 1023 2339 domnus
1058 2308 1258 2340 Alexander
1283 2307 1377 2349 Papa
1402 2308 1449 2339 III
1474 2319 1535 2349 per
1558 2318 1654 2339 suum
1690 2307 1905 2349 privilegium
1941 2307 2137 2349 specialiter

315 2361 441 2391 exemit
463 2360 593 2392 dictum
617 2360 860 2392 monasterium
885 2372 962 2391 cum
988 2361 1144 2392 omnibus
1161 2361 1230 2393 suis
1245 2361 1419 2396 membris.
1435 2360 1559 2392 habitis
1576 2367 1610 2392 et
1626 2360 1805 2397 habendis,
1822 2360 1869 2391 sic
1886 2360 1979 2401 quod
1995 2360 2029 2391 in
2046 2360 2139 2391 nullo

310 2413 580 2453 archiepiscopis
604 2419 636 2444 et
659 2413 830 2454 episcopis
854 2413 1048 2445 diocesanis
1072 2415 1220 2458 ecclesie
1238 2424 1297 2445 seu
1321 2424 1467 2458 persone
1492 2419 1666 2445 morantes
1689 2412 1722 2444 in
1741 2413 1822 2454 ipsis
1839 2413 2051 2454 respondere
2074 2412 2139 2443 ali-

315 2471 481 2506 quatenus
496 2472 685 2498 teneantur.
731 2466 936 2498 Concedens
960 2472 993 2498 et
1016 2466 1131 2498 edicto
1157 2473 1324 2507 perpetuo
1348 2473 1500 2498 statuens
1523 2467 1632 2507 ipsum
1656 2466 1900 2497 monasterium
1923 2465 2076 2507 gaudere
2103 2464 2139 2496 in

314 2519 381 2549 suis
396 2518 525 2550 iuribus
550 2519 781 2550 centenariam
804 2519 1088 2563 prescriptionem
1114 2529 1156 2550 ex
1180 2525 1275 2551 certa
1298 2519 1442 2550 scientia
1458 2525 1492 2550 et
1508 2519 1725 2560 plenitudine
1748 2518 1940 2559 potestatis.
1987 2517 2136 2549 Nomina
2158 2518 2201 2549 40

314 2580 397 2602 vero
414 2570 649 2602 Cardinalium
673 2578 708 2603 et
730 2573 971 2613 episcoporum
994 2578 1071 2603 sunt
1096 2573 1171 2616 hec,
1196 2572 1377 2604 videlicet:
1404 2571 1561 2604 Ubaldus
1585 2571 1768 2612 episcopus
1790 2569 2000 2606 Sabinensis,
2031 2569 2135 2602 Oddo

313 2625 496 2665 episcopus
520 2624 736 2665 Albanensis,
762 2625 931 2656 Berardus
955 2625 1138 2665 episcopus
1170 2625 1403 2662 Penestrinus‚
1435 2624 1550 2656 Bruno
1581 2623 1762 2665 episcopus
1793 2623 1965 2666 Signinus,
1997 2623 2137 2664 Range-

315 2677 384 2708 rius
406 2677 587 2718 episcopus
610 2678 813 2719 Regstanus,
850 2678 1026 2709 Gerardus
1060 2678 1243 2718 episcopus
1278 2677 1460 2714 Troianus,
1493 2677 1661 2708 Iohannes
1696 2677 1879 2717 episcopus
1914 2676 2138 2717 Rapollanus,

314 2730 527 2760 Hermannus
551 2730 718 2770 presbiter
740 2729 945 2766 cardinalis,
969 2729 1157 2772 Gregorius
1177 2730 1344 2771 presbiter
1361 2729 1566 2765 Cardinalis‚
1590 2730 1796 2760 Benedictus
1819 2728 1990 2770 presbiter
2012 2728 2134 2760 Cardi-

316 2782 412 2820 nalis,
438 2782 559 2814 Petrus
583 2783 747 2814 diaconus
770 2782 974 2820 Cardinalis,
999 2782 1143 2814 Iacobus
1167 2783 1331 2814 diaconus
1355 2782 1561 2819 Cardinalis,
1584 2782 1712 2813 Teutio
1737 2782 1904 2814 diaconus
1926 2780 2131 2813 Cardinalis.
2157 2781 2197 2813 45

839 2853 994 2884 Miranda
1019 2861 1160 2884 vocatur
1183 2864 1203 2884 a
1225 2852 1359 2884 Christo
1383 2853 1615 2884 benedicatur.
