2280 3476
145 294 163 311 C.

129 1237 201 1259 Mun..
217 1242 254 1256 ²10

183 2302 202 2316 C·

178 294 215 312 57

177 665 233 682 ..ἰν

178 1556 229 1575 ,67

211 2299 244 2315 bv

289 2909 320 2927 10

319 149 338 182 8
552 144 715 180 VITAE
743 143 1005 183 QUATUOR
1035 143 1276 178 PRIORUM
1306 143 1569 179 ABBATUM
1599 143 1907 179 CAVENSIUM

307 277 433 309 eiecit.
481 275 586 314 Quod
609 275 652 307 ab
676 275 910 316 omnipotente
934 274 1008 306 Deo
1031 273 1244 316 dispositum,
1268 280 1304 306 ut
1329 274 1503 306 obsessum
1526 274 1673 317 longiori
1690 284 1779 315 pena
1801 281 1975 317 purgaret,
1997 281 2030 307 et
2043 277 2090 306 ut'
2108 275 2143 306 in

321 331 392 362 eius
415 329 522 361 salute
546 327 656 369 qualis
686 328 799 359 fuerat
829 327 920 358 servi
950 327 1002 359 sui
1032 327 1102 358 vita
1132 327 1351 359 claresceret.
1398 326 1462 358 Vir
1493 336 1630 368 quoque
1663 326 1794 368 duplici
1824 327 1958 369 fulgore
1990 327 2145 360 miraculi

321 383 467 415 decorus
489 380 657 422 apparuit,
681 380 761 422 quia
785 386 820 412 et
842 380 958 411 futura
981 379 1145 421 predixit,
1169 385 1204 412 et
1227 379 1451 418 curationem,
1475 389 1577 421 quam
1601 379 1768 420 promisit,
1793 380 1954 411 exercuit.

409 434 617 467 Venerando
642 434 746 465 etiam
769 433 842 465 viro
866 432 975 464 Leoni
999 431 1169 474 discipulo
1193 442 1253 464 suo
1278 438 1379 475 atque
1403 432 1479 463 aliis
1504 432 1751 473 condiscipulis
1773 438 1988 474 preceperat,
2012 439 2048 465 ut
2070 439 2147 475 post

321 489 393 520 eius
408 493 550 519 mortem
567 486 600 518 in
617 485 739 519 eodem
755 485 960 518 monasterio
975 485 984 502 ¹
1002 485 1182 527 plusquam
1199 484 1383 517 duodecim
1399 486 1524 517 fratres
1540 484 1639 516 simul
1657 495 1731 517 esse
1748 494 1922 527 nunquam
1937 486 2148 524 debuissent,
2193 483 2211 515 5

322 552 376 580 ne,
407 540 433 571 si
460 549 636 571 numerum
667 538 862 580 predictum
894 537 1116 574 excederent,
1139 538 1319 570 sustentari
1343 538 1386 569 de
1410 537 1513 570 rebus
1536 537 1735 569 monasterii
1759 547 1973 580 nequaquam
1997 544 2146 580 possent.

323 594 412 626 Nam
434 592 617 624 facultates
633 592 785 624 eiusdem
810 591 1006 623 monasterii
1022 596 1103 622 tunc
1120 590 1224 623 tantis
1245 590 1461 623 solummodo
1478 590 1644 622 fratribus
1666 589 1723 622 vix
1739 590 1892 622 sufficere
1908 590 2148 623 videbantur.
2126 590 2137 607 ²

321 646 392 679 Sed
416 656 493 678 cum
516 645 582 676 iam
605 645 680 676 fere
704 645 745 676 de
758 644 824 676 hoc
848 643 964 676 seculo
989 648 1078 675 esset
1094 643 1312 684 profecturus
1335 643 1380 675 acl
1395 643 1591 682 Dominum,
1615 643 1743 675 eisdem
1760 642 1944 685 discipulis'
1960 644 2090 675 vocatis
2105 644 2150 675 ad

322 709 358 731 se
382 699 448 730 ait:
475 697 548 740 Ego
572 696 665 740 quod
689 698 731 730 de
764 706 905 729 numero
928 696 1072 728 fratrum
1096 696 1268 734 constitui,
1291 695 1477 728 secundum
1501 696 1674 728 hominem
1698 696 1781 728 dixi.
1827 696 1915 728 Nam
1948 695 2040 738 quod
2069 696 2150 728 mihi

322 751 488 784 Dominus
509 750 661 782 revelare
685 749 845 793 dignatus
868 754 931 788 est,
953 749 988 780 in
1010 749 1077 780 hoc
1101 749 1307 781 monasterio
1331 748 1585 781 innumerabilis
1608 748 1791 781 multitudo
1815 749 1860 780 ad
1876 749 1949 780 eius
1972 748 2149 781 servitium
2179 749 2216 780 10

324 804 520 847 colligenda
545 809 605 835 est.
652 802 732 840 Qua
755 803 799 834 de
823 814 871 840 re,
896 808 929 834 et
944 803 1060 834 futura
1084 802 1228 834 fratrum
1252 801 1405 844 receptio
1428 811 1495 833 non
1520 812 1563 833 ex
1585 801 1739 844 presenti
1762 801 1891 843 inopia,
1914 803 1977 833 sed
1993 812 2034 834 ex
2051 801 2153 844 copia

323 857 438 889 futura
461 855 637 898 pensanda
653 861 714 893 est,
729 855 809 898 quia
831 854 889 886 ille
913 855 970 898 qui
994 864 1052 887 eos
1076 853 1119 886 ad
1142 864 1286 898 regnum
1310 864 1409 886 suum
1422 860 1620 898 congregat,
1644 854 1850 896 temporales
1873 854 1975 886 etiam
1999 859 2153 896 sumptus

322 910 462 952 largiter
485 909 664 941 ministrat.
709 908 786 940 Hoc
810 913 922 940 autem
946 908 1000 939 vir
1023 907 1088 939 Dei
1110 917 1196 939 voce
1220 907 1374 949 protulit,
1399 917 1460 939 nos
1483 913 1655 949 stupemus
1685 907 1720 938 in
1750 917 1866 948 opere,
1896 907 1975 949 quia
1998 907 2153 948 omnipo-

324 968 401 995 tens
423 961 515 993 Deus
538 961 572 992 in
596 962 719 993 eodem
743 960 951 992 monasterio
975 966 1008 991 et
1030 960 1154 991 multos
1179 959 1367 997 constituit,
1390 965 1425 991 et
1447 969 1583 1001 semper
1607 959 1748 1002 largiter
1770 959 1980 1001 procuravit.

413 1014 472 1046 Eis
495 1023 631 1056 quoque
647 1012 826 1055 discipulis
843 1013 922 1044 dum
947 1012 1013 1044 leta
1031 1012 1147 1044 futura
1163 1011 1314 1054 protulit,
1329 1023 1394 1054 que
1413 1011 1515 1044 etiam
1533 1022 1591 1044 eos
1614 1017 1791 1044 manerent
1806 1013 1953 1044 adversa
1975 1012 2154 1044 nuntiavit.
2182 1011 2217 1043 15

325 1067 408 1099 Post
430 1066 557 1099 obitum
581 1076 696 1098 meum
720 1065 859 1108 quidam
882 1065 918 1096 in
942 1065 1009 1097 hoc
1034 1065 1126 1096 ovile
1150 1064 1359 1097 dominicum
1384 1064 1483 1106 lupus
1514 1064 1726 1108 ingredietur
1739 1064 1761 1107 ³,
1786 1063 1916 1107 pa'cem
1939 1075 2155 1097 communem

327 1120 465 1153 turbare
488 1120 625 1157 nitetur,
647 1120 708 1151 sed
730 1118 860 1151 turbari
885 1118 1044 1161 refugite,
1069 1118 1149 1160 quia
1173 1117 1273 1150 citius
1296 1118 1524 1160 extinguetur.
1572 1116 1676 1155 Quod
1699 1118 1859 1160 profecto
1883 1118 1930 1149 ita
1954 1118 2082 1150 factum
2098 1129 2156 1150 an-

325 1173 410 1216 tiqui
433 1172 628 1204 monasterii
651 1181 751 1204 senes
770 1172 902 1203 referre
926 1170 1016 1203 soliti
1039 1177 1125 1203 sunt.
1171 1170 1260 1202 Nam
1285 1171 1423 1213 quidam
1447 1170 1583 1203 turbine
1606 1171 1808 1203 secularium
1832 1170 1945 1208 fultus,
1969 1170 2156 1214 postquam'

329 1226 381 1257 vir
403 1232 542 1258 sanctus
565 1225 661 1267 obiit,
685 1225 928 1257 monasterium
952 1225 1087 1266 irrupit,
1103 1225 1175 1256 eius
1191 1234 1425 1256 successorem
1449 1224 1592 1265 expulit,
1609 1224 1670 1256 sed
1688 1225 1891 1266 pastoralem
1905 1225 2032 1263 locum,
2055 1234 2157 1266 quem

327 1279 466 1321 impune
490 1278 554 1311 sibi
577 1288 741 1321 usurpare
764 1288 799 1310 se
824 1277 985 1315 credidit,
1009 1277 1128 1309 divina
1151 1277 1280 1309 ultione
1310 1287 1502 1318 percussus,
1526 1277 1558 1309 ei
1582 1288 1684 1320 quem
1709 1276 1898 1319 expulerat,
1922 1276 2065 1309 liberum
2089 1276 2157 1309 cito
2180 1277 2221 1308 20

330 1331 521 1374 dereliquit.

414 1385 489 1417 Hec
513 1385 558 1416 ad
584 1395 645 1417 nos
668 1384 713 1416 de
736 1383 823 1417 tanti
847 1384 953 1425 patris
976 1383 1046 1415 vita
1063 1389 1165 1426 atque
1188 1382 1365 1415 miraculis
1380 1388 1621 1425 pervenerunt,
1645 1393 1714 1415 non
1738 1382 1831 1426 quod
1847 1383 1912 1415 ista
1930 1383 2002 1415 sola
2017 1383 2158 1420 fuerint,

329 1437 391 1470 sed
415 1437 494 1480 quia
519 1437 571 1469 vir
594 1443 734 1469 sanctus
757 1437 857 1478 plura
880 1437 1047 1478 exercuit,
1072 1445 1138 1478 que
1162 1435 1338 1467 humiliter
1361 1436 1558 1468 occultavit.
1605 1435 1723 1468 Sancti
1747 1436 1873 1468 etenim
1896 1436 1962 1468 viri
1987 1446 2064 1468 cum
2087 1446 2159 1466 ma-

329 1501 396 1534 gna
410 1491 553 1532 faciunt,
578 1490 614 1521 in
637 1496 800 1532 quantum
824 1495 965 1531 possunt
987 1490 1096 1521 latere
1121 1489 1271 1530 cupiunt,
1289 1488 1368 1531 quia
1392 1488 1428 1520 in
1453 1488 1540 1527 celo,
1565 1499 1632 1521 non
1649 1488 1682 1520 in
1697 1494 1790 1520 terra
1805 1489 1968 1521 honorari
1985 1486 2160 1530 concupi'-

331 1549 441 1575 scunt.
486 1543 544 1575 Sic
568 1543 712 1575 fortasse
736 1543 787 1574 vir
809 1547 947 1574 sanctus
971 1548 1005 1574 et
1028 1542 1094 1574 ista
1118 1542 1319 1580 occultaret,
1343 1542 1371 1573 si
1394 1541 1477 1573 talia
1501 1548 1624 1579 essent,
1655 1552 1721 1584 que
1744 1541 1850 1574 latere
1877 1541 2160 1584 qualitercunque
2184 1540 2224 1573 25

332 1596 530 1638 potuissent.
578 1596 666 1628 Nam
689 1596 782 1638 quod
807 1594 850 1627 de
868 1595 1003 1627 excelse
1027 1594 1120 1637 rupis
1144 1594 1272 1627 vertice
1290 1594 1419 1626 cadens
1434 1594 1503 1626 ledi
1519 1604 1588 1626 non
1611 1596 1732 1637 potuit,
1749 1595 1843 1638 quod
1866 1595 2038 1627 viventem
2059 1594 2162 1627 sociis

334 1649 498 1688 reddidit,
523 1660 625 1692 quem
648 1648 889 1691 sepeliendum
911 1648 1055 1690 recepit,
1087 1648 1180 1690 quod
1212 1658 1252 1680 eo
1284 1647 1512 1680 benedicente
1536 1657 1695 1680 numerus
1726 1658 1867 1680 ovorum
1899 1648 2017 1685 crevit,
2047 1658 2160 1680 rerum

334 1703 472 1745 quidem
494 1702 703 1734 immensitas
727 1707 811 1741 erat,
834 1712 900 1744 que
924 1700 1090 1733 occultari
1114 1710 1181 1733 uon
1213 1705 1359 1743 poterat.
1405 1700 1450 1733 Et
1473 1700 1618 1733 fortasse
1650 1701 1902 1744 inerguminum
1933 1711 2054 1732 curare
2084 1701 2162 1733 ideo

334 1755 455 1787 vivens
478 1756 597 1797 noluit,
621 1761 657 1786 ut
686 1761 769 1787 tunc
793 1764 935 1796 magnus
957 1755 992 1785 in
1017 1754 1088 1786 eius
1112 1754 1288 1786 curatione
1319 1754 1535 1792 claresceret,
1566 1764 1644 1786 cum
1674 1753 1745 1786 illic
1776 1753 1842 1786 iam
1873 1760 2032 1795 receptus
2062 1760 2161 1791 esset,

335 1808 393 1840 ubi
417 1809 516 1841 favor
538 1809 569 1841 ei
593 1809 747 1840 minuere
772 1808 885 1850 operis
908 1807 1064 1840 meritum
1091 1816 1308 1849 nequaquam
1335 1812 1460 1849 posset.
1506 1806 1665 1839 Ceterum
1690 1807 1726 1838 in
1749 1817 1817 1850 quo
1843 1807 1948 1839 latere
1971 1807 2093 1849 potuit,
2117 1807 2160 1839 ad
2184 1807 2226 1838 30

336 1861 530 1893 futurorum
554 1861 709 1893 notitiam
733 1869 801 1893 non
826 1860 993 1902 pervenit.
1038 1859 1127 1892 Nam
1152 1870 1221 1902 quo
1245 1859 1448 1892 abstinentie
1472 1859 1585 1902 rigore
1601 1869 1727 1901 corpus
1743 1859 1923 1897 attriverit,
1939 1859 2061 1902 quibus
2077 1859 2163 1903 vigi-

337 1913 390 1945 liis
414 1920 560 1945 mentem
585 1914 833 1951 extenuaverit,
857 1913 979 1956 quibus
1003 1913 1163 1944 lacrimis'
1189 1912 1318 1945 cotidie
1343 1912 1483 1945 celestia
1507 1912 1729 1955 flagitaverit,
1753 1923 1854 1955 quam
1877 1913 1976 1944 fortis
2003 1912 2108 1944 fuerit
2129 1912 2165 1944 in

339 1967 500 2004 adversis,
525 1977 626 2009 quarn
650 1966 738 1998 mitis
761 1967 797 1997 in
821 1966 1007 2008 prosperis,
1031 1976 1098 2008 quo
1123 1965 1241 2008 vigore
1266 1966 1429 1997 mundum
1454 1965 1661 2007 despexerit,
1685 1965 1730 1997 ad
1760 1975 1904 2009 regnum
1935 1965 2063 1998 celeste
2095 1976 2163 2008 quo

338 2019 583 2052 desideriorum
608 2019 746 2051 fervore
770 2018 976 2062 flagraverit,
1001 2019 1119 2050 horum
1143 2025 1177 2051 et
1193 2019 1246 2050 his
1261 2018 1421 2050 similium
1437 2017 1682 2061 magnitudinis
1699 2019 1770 2050 eius
1785 2028 1944 2050 mensura
1959 2018 2005 2050 ad
2021 2018 2164 2050 aliorum

337 2072 491 2105 notitiam
514 2083 581 2105 non
606 2072 774 2114 pervenit.
819 2070 891 2104 Sed
914 2072 941 2104 si
957 2072 1096 2104 modum
1119 2071 1187 2103 vite
1211 2078 1245 2103 et
1262 2071 1476 2104 continentie
1501 2070 1574 2102 eius
1597 2071 1686 2102 scire
1703 2081 1771 2103 non
1795 2081 1984 2114 possumus,
2000 2071 2163 2114 colligere
2186 2071 2227 2103 35

338 2136 380 2157 ex
396 2125 538 2157 ostensis
562 2124 778 2157 evidentibus
801 2124 976 2156 miraculis
1001 2125 1073 2156 eius
1095 2134 1283 2166 possumus,
1300 2124 1357 2166 qui
1373 2124 1408 2155 in
1423 2135 1486 2156 usu
1509 2124 1683 2156 cotidiane
1700 2123 1969 2156 conversationis
1985 2123 2048 2156 sibi
2063 2124 2164 2156 valde

340 2179 514 2220 improbus
538 2184 570 2210 et
594 2184 746 2210 austerus
769 2178 842 2209 fuit.
889 2178 978 2209 Nam
996 2177 1130 2219 pondus
1147 2179 1271 2216 carnis,
1295 2178 1368 2220 quis
1392 2178 1426 2209 in
1441 2177 1502 2209 illo
1525 2182 1621 2210 tanto
1638 2177 1823 2219 precipitio
1846 2177 1979 2209 illesum
2002 2183 2164 2214 servaret,

340 2232 367 2263 si
393 2231 572 2263 cotidianis
596 2229 808 2262 ferventibus
830 2236 932 2271 atque
955 2230 1065 2273 igneis
1084 2230 1269 2262 desideriis
1293 2241 1328 2262 se
1352 2240 1420 2261 non
1445 2229 1574 2261 cotidie
1590 2229 1625 2260 in
1641 2229 1776 2262 celestis
1799 2229 1869 2261 vite
1893 2239 2008 2262 amore
2023 2239 2165 2271 suspen-

340 2283 466 2317 deret?
491 2284 534 2315 Et
558 2284 685 2323 volare,
708 2289 745 2315 ut
768 2283 814 2315 ita
839 2284 962 2320 dicam,
986 2283 1166 2316 desideriis
1190 2289 1281 2316 totus
1297 2284 1425 2326 igneus'
1443 2282 1582 2326 quando
1599 2288 1724 2325 posset,
1740 2283 1768 2314 si
1785 2293 1852 2314 non
1877 2283 1989 2315 carnis
2005 2283 2163 2326 gravedi-

341 2348 418 2369 nem
441 2347 504 2378 per
527 2337 594 2368 vim
618 2346 741 2379 magne
765 2335 970 2368 abstinentie
988 2336 1181 2379 levigaret?
1198 2337 1327 2369 Rerum
1344 2346 1521 2368 numerum
1539 2336 1676 2378 quando
1692 2341 1846 2379 augeret,
1862 2335 1891 2367 si
1908 2346 1943 2367 se
1960 2335 2034 2377 ipse
2051 2346 2162 2367 rerum
2188 2337 2230 2368 40

341 2401 419 2422 usus
439 2401 505 2422 non
529 2396 687 2432 potenter
710 2389 952 2423 subtraheret?
977 2389 1154 2422 Postremo
1179 2390 1221 2422 de
1247 2390 1446 2432 expulsione
1470 2388 1654 2422 demonum
1679 2388 1721 2421 ab
1748 2389 1823 2430 ipsa
1849 2388 1993 2421 veritate
2017 2388 2162 2421 dicitur:

430 2526 439 2543 ¹
459 2527 566 2551 Voleva
593 2528 738 2551 intendere
767 2535 814 2559 per
846 2528 866 2551 il
893 2530 1054 2552 monastero
1081 2527 1110 2550 di
1139 2526 1225 2555 Cava,
1278 2528 1304 2551 S.
1324 2527 1436 2555 Nicola,
1457 2535 1470 2551 e
1496 2527 1588 2558 quelle
1608 2527 1651 2550 del
1685 2532 1748 2557 1025
1776 2527 1821 2550 dei
1841 2526 1965 2558 prlncipi
1986 2526 2013 2549 di
2041 2525 2166 2554 Salerno,

343 2568 456 2602 giacche
487 2577 575 2593 aveva
605 2567 652 2601 gisi
678 2569 784 2594 dovuto
811 2570 942 2594 mandare
968 2570 1010 2593 dei
1041 2570 1151 2593 monaci
1185 2570 1229 2593 nel
1284 2569 1453 2601 rlmangono
1473 2569 1557 2601 pochi
1589 2568 1750 2592 documenti
1771 2569 1799 2592 di
1820 2569 1942 2600 acquisti
1968 2568 2003 2592 od
2023 2568 2119 2592 offerte
2138 2568 2165 2592 di

343 2612 461 2636 cenobio
485 2612 514 2636 di
533 2612 558 2635 S.
579 2612 699 2636 Mlehele
711 2612 752 2636 sul
773 2612 924 2639 Tusciano,
940 2611 1013 2635 nella
1036 2612 1119 2642 piana
1140 2611 1167 2635 di
1181 2611 1228 2636 Sa·
1283 2613 1372 2634 terre:
1398 2610 1503 2643 piccoli
1532 2610 1743 2642 appezzamenti
1771 2610 1815 2634 nel
1843 2610 1993 2634 territorio
2012 2609 2040 2633 di
2060 2609 2167 2633 Nocera

345 2654 434 2683 lerno,
447 2660 463 2677 a
476 2654 515 2677 lui
531 2654 637 2677 donato
656 2653 701 2677 dal
717 2654 846 2685 principe
860 2652 1027 2677 Guaimario
1047 2652 1070 2674 V
1091 2660 1142 2676 con
1153 2653 1230 2683 beni,
1283 2660 1355 2676 sono
1376 2654 1468 2676 notati
1489 2653 1533 2676 nei
1554 2652 1717 2676 documenti
1739 2652 1783 2676 del
1807 2658 1881 2683 1037,
1903 2658 1976 2684 1039,
2000 2658 2074 2682 1043,
2103 2656 2166 2682 1045

346 2695 447 2719 mobili
466 2701 480 2718 e
508 2695 683 2726 possessioni
702 2694 744 2724 (V.
773 2696 858 2719 Codex
883 2695 1001 2725 Diflom.
1023 2694 1161 2723 Cavensis.
1182 2694 1228 2724 VI,
1283 2703 1296 2719 e
1319 2700 1385 2726 1047
1407 2693 1448 2724 (C.
1469 2695 1504 2718 D.
1528 2695 1566 2723 C„
1585 2693 1633 2722 VI,
1654 2693 1694 2724 78,
1717 2693 1773 2722 118,
1795 2700 1853 2721 221,
1874 2692 1941 2725 2853
1962 2692 2022 2720 vn,
2043 2691 2098 2724 53).
2197 2697 2227 2723 15

345 2744 371 2768 p.
390 2736 434 2768 37)
456 2737 499 2759 nel
532 2742 606 2767 1035,
625 2737 658 2760 ed
687 2737 862 2769 egualmente
890 2736 934 2760 nel
957 2743 1022 2768 ¹049
1043 2744 1056 2760 a
1081 2736 1107 2760 S.
1126 2736 1229 2760 Nicola
1370 2733 1380 2750 ³
1400 2736 1437 2760 Dl
1458 2737 1556 2767 questo
1576 2736 1687 2760 intruso
1708 2735 1753 2759 nel
1767 2743 1895 2767 governo
1914 2734 1988 2759 della
2008 2734 2095 2758 Badia
2110 2741 2166 2758 non

346 2778 379 2802 de
398 2778 560 2802 Mercatello
575 2778 615 2801 sul
636 2777 698 2802 Sele
711 2777 788 2810 (oggi
803 2778 829 2802 S.
848 2778 950 2802 Nicola
964 2778 990 2801 al
1011 2777 1107 2809 vareo)
1120 2778 1229 2809 datogli
1282 2779 1305 2801 si
1325 2779 1409 2802 trova
1429 2777 1510 2801 alcun
1531 2777 1712 2802 documento.
1749 2776 1778 2801 Si
1799 2775 1933 2808 potrebbe
1953 2783 2097 2807 supporre,
2119 2775 2166 2798 che

346 2820 391 2844 dai
412 2820 521 2844 fratelli
541 2819 687 2849 Landone,
707 2819 867 2852 Glaqulnto
888 2827 901 2843 e
921 2820 1079 2850 Desiderio,
1102 2819 1161 2851 figxi
1184 2819 1228 2844 del
1283 2827 1320 2843 un
1340 2820 1421 2843 erede
1440 2819 1470 2843 di
1490 2819 1688 2848 sant’Alferio‚
1708 2818 1830 2843 secondo
1851 2819 1923 2843 l’uso
1937 2817 2167 2848 Salernitano,s1

347 2864 429 2886 conte
450 2861 598 2886 Desiderio
617 2859 659 2893 (C.
679 2863 716 2886 D.
737 2863 776 2892 C„
794 2861 853 2890 vn,
874 2870 899 2894 p.
923 2862 991 2892 110).
1282 2862 1417 2885 ritenesse
1438 2861 1564 2893 padi-one
1583 2861 1628 2885 del
1649 2862 1818 2886 monastero.

435 2901 444 2917 ²
464 2902 544 2927 Oltre
563 2903 589 2927 le
620 2902 748 2928 suddette
777 2903 934 2928 donazioni
959 2903 989 2927 dl
1019 2903 1046 2929 S.
1065 2902 1186 2927 Michele
1216 2910 1230 2927 e
