2300 3554
72 1309 113 1339 20

74 1573 114 1605 25
138 1573 259 1606 strensi
282 1573 316 1606 in
333 1574 534 1616 episcopum
557 1573 687 1605 electus
710 1579 763 1605 est
776 1571 797 1605 ⁶.

78 2285 110 2302 10

78 2494 108 2520 ¹5

76 2703 111 2720 20

77 2912 109 2939 ²5

375 162 536 199 ViTAE
563 162 824 203 QUATUOR
853 163 1092 199 PRIORUM
1123 162 1380 198 ABBATUM
1409 162 1718 199 CAVENSIUM

141 302 270 340 quanto
293 307 368 328 eum
392 296 437 329 ab
460 296 636 328 hominum
654 297 826 329 consortio
851 296 995 328 vastior'
1020 296 1168 328 solitudo
1192 302 1376 338 separaret.

1912 164 1951 201 17

1424 295 1491 328 Ubi
1522 297 1621 328 etiam
1647 296 1828 328 oratorium
1854 295 1959 327 sancti

141 349 242 382 Helie
266 356 300 382 et
323 349 482 382 cellulam
506 349 570 382 sibi
593 355 711 392 postea
737 350 898 382 edificare
922 349 1041 391 iecit),
1065 354 1097 380 et
1122 358 1245 392 magna
1260 355 1377 381 eterne
1396 349 1463 381 vite
1481 349 1618 391 gaudia,
1636 349 1766 392 magnis
1781 348 1851 380 illic
1869 349 1961 380 labo-

141 402 235 436 ribus
257 413 339 445 sepe
364 404 587 445 comparavit.

225 456 293 489 Per
315 457 407 489 idem
424 463 556 499 tempus
573 467 650 489 cum
666 455 803 488 cenobii
820 456 1057 488 Cluniacensis
1073 455 1271 498 religionem
1289 456 1459 488 celebrem
1477 457 1696 498 comperisset
1709 456 1732 494 ²,
1747 456 1852 487 odore
1870 462 1960 487 tante

99 509 116 541 5
141 510 232 542 fame
256 509 400 547 illectus,
417 520 612 553 quanquam
638 510 739 552 longe
765 509 905 552 positus,
930 509 1021 540 illius
1045 508 1322 551 congregationis
1337 509 1490 541 ordinem
1505 509 1646 541 emulari
1671 509 1833 540 ardenter
1857 509 1959 550 cepit.

140 562 336 605 Assumptis
359 573 442 606 ergo
465 573 580 595 secum
605 562 806 605 quibusdam
833 563 875 594 de
901 561 1106 594 monasterio
1130 561 1304 599 fratribus,
1319 572 1394 593 cum
1412 562 1476 593 iam
1495 563 1630 604 navigio
1648 561 1783 593 Ienuam
1802 562 1959 599 venisset,

139 627 263 649 census
285 616 360 649 fere
383 626 502 649 omnes
524 616 588 648 Dei
613 614 821 658 pauperibus
845 615 985 647 defecit.

1031 615 1185 657 Cumque
1203 615 1238 646 in
1256 615 1379 646 eodem
1396 615 1537 647 deiectu
1553 623 1745 656 sumptuum
1763 626 1841 657 spes
1857 616 1956 647 etiam

137 669 270 702 itineris
293 669 440 702 deficere
464 668 624 710 cepisset,
648 667 723 710 pius
747 668 948 700 adolescens
965 678 1000 699 se
1017 668 1050 699 in
1068 668 1258 700 orationem
1283 667 1474 708 prostravit,
1491 674 1528 699 ut
1551 667 1614 699 sibi
1633 668 1850 709 omnipotens
1867 668 1959 699 Deus

139 722 340 765 dignaretur
363 721 526 759 tribuere,
547 721 638 753 unde
663 720 697 752 id
721 721 815 763 quod
839 720 912 752 eius
935 731 1051 753 amore
1076 728 1229 762 ceperat,
1252 720 1503 752 consummare'
1528 720 1704 762 potuisset.
1744 719 1897 763 Cumque
1916 721 1958 753 ab

79 777 116 807 10
140 776 294 808 oratione
317 781 475 818 surgeret
497 780 531 807 et
554 785 617 816 per
634 783 694 806 ora
717 774 820 805 maris
843 773 1090 810 deambularet,
1113 784 1254 805 aureum
1278 775 1412 805 anulum
1445 774 1588 812 invenit,
1619 775 1714 805 cuius
1745 774 1889 816 pretium
1914 774 1956 805 ad

139 828 240 861 totius
264 828 317 860 vie
342 834 494 870 sumptus
516 827 688 860 sufficiens
711 827 839 859 habuit.

885 827 1088 859 Clunincum
1120 836 1203 869 ergo
1235 827 1450 868 perveniens,
1473 838 1491 858 a
1524 828 1594 858 viro
1620 826 1804 858 venerabili
1837 826 1958 869 Ugone

138 880 287 914 abbate'
312 882 397 913 mira
421 880 566 912 karitate
590 887 768 922 susceptus
792 886 853 918 est,
878 880 932 911 vel
956 880 1036 922 quia
1059 880 1263 912 adolescens
1280 890 1402 923 magne
1426 879 1604 921 religionis
1626 881 1750 912 ardore
1782 879 1959 922 flagrabat,

137 936 192 967 vel
216 934 398 967 emulande
422 933 650 976 perfectionis
673 943 776 965 causa
799 934 842 965 de
868 940 934 965 tam
959 933 1157 975 longinquis
1174 933 1270 964 Italie
1288 932 1442 974 partibus
1466 939 1618 965 venerat.

1629 933 1634 946 '
1668 932 1829 965 Seniores
1844 939 1955 964 autem

137 987 334 1020 monasterii
366 986 481 1019 abbati
511 985 753 1029 suggerebant,
785 992 821 1017 ut
853 995 930 1018 eum
961 986 994 1017 in
1027 996 1209 1028 puerorum
1240 986 1333 1017 scola
1364 997 1491 1028 ponere
1523 987 1746 1018 erudiendum
1778 987 1959 1018 debuisset.

77 1040 114 1074 15
138 1041 275 1080 Quibus
297 1047 396 1083 pater
418 1040 615 1072 monasterii
640 1050 762 1082 magne
787 1039 1000 1071 discretionis
1025 1039 1130 1071 verba
1154 1039 1340 1080 respondit,
1364 1039 1502 1071 dicens:
1531 1039 1594 1071 Hic
1619 1039 1681 1071 nisi
1706 1050 1830 1082 magna
1852 1039 1959 1070 devo-

136 1094 230 1127 tione
253 1093 412 1130 ferveret,
435 1098 506 1125 tam
537 1093 639 1135 longe
664 1092 751 1124 trahi
784 1091 946 1133 opinione
978 1092 1154 1135 religionis
1185 1102 1399 1134 nequaquam
1431 1099 1545 1134 posset
1558 1091 1579 1123 ⁴.

138 1145 338 1180 de'votionis
361 1157 382 1178 a
404 1145 586 1178 debilitate
610 1156 686 1177 eum
710 1146 894 1186 assumpsit
917 1146 1026 1176 etatis.

1625 1091 1736 1123 Virile
1767 1102 1848 1134 ergo
1873 1102 1959 1134 opus

1073 1144 1124 1176 Ex
1147 1144 1205 1176 illo
1230 1151 1341 1176 autem
1372 1145 1438 1176 iam
1463 1145 1518 1176 die
1543 1151 1703 1186 receptus
1728 1145 1759 1175 in
1785 1150 1955 1176 conventu

139 1200 292 1238 fratrum,
316 1205 412 1231 tanta
435 1198 635 1231 obedientie
659 1198 784 1230 virtute
809 1198 941 1236 enituit,
965 1205 1002 1230 ut
1024 1203 1155 1240 septem
1177 1197 1288 1236 simul,
1311 1198 1399 1230 sicut
1422 1197 1480 1229 alii
1499 1199 1628 1238 dicunt,
1646 1204 1681 1229 ut
1697 1197 1753 1228 alii
1771 1207 1850 1229 vero
1867 1208 1957 1230 asse-

136 1259 227 1292 runt,
249 1252 349 1295 plura
371 1251 584 1285 diversarum
607 1251 816 1284 officinarum
841 1251 1030 1283 ministeria
1053 1257 1190 1282 strenue
1210 1257 1244 1282 et
1267 1251 1409 1283 honeste
1434 1252 1624 1293 perficeret.

223 1306 267 1338 Et
290 1307 369 1349 quia
394 1306 531 1349 longum
555 1311 608 1337 est
632 1310 759 1337 cuncta
775 1305 852 1337 stilo
876 1314 1092 1346 percurrere,
1115 1315 1192 1336 cum
1217 1305 1250 1336 in
1275 1304 1421 1337 claustro
1438 1304 1655 1337 Cluniacensi
1679 1305 1957 1347 quinquennium,

138 1366 240 1403 atque
261 1361 298 1392 in
319 1359 479 1402 cappella
501 1358 634 1390 abbatis
657 1358 840 1389 triennium
864 1358 1103 1399 complevisset
1115 1357 1136 1396 ⁵,
1161 1364 1263 1400 atque
1288 1358 1376 1389 intus
1401 1358 1541 1390 obedire
1566 1363 1600 1389 et
1616 1358 1705 1389 iussa
1722 1359 1857 1399 exequi,
1873 1358 1958 1389 foris

137 1423 219 1446 vero
242 1413 424 1455 disponere
449 1419 483 1445 et
507 1412 669 1444 ordinare
694 1410 886 1449 didicisset,
911 1411 1115 1443 liberalitate
1139 1411 1249 1443 sancti
1273 1409 1415 1453 Ugonis,
1438 1421 1508 1448 suo,
1534 1411 1621 1442 idest
1650 1411 1808 1448 Cavensi,
1839 1421 1954 1442 mona-

138 1467 242 1499 sterio
265 1467 439 1499 restitutus
461 1472 522 1499 est.

570 1466 638 1498 Ubi
662 1467 729 1498 iam
753 1476 829 1497 cum
855 1467 976 1498 doctus
998 1466 1111 1498 scriba
1137 1466 1169 1497 in
1195 1476 1301 1509 regno
1333 1465 1484 1497 celorum
1516 1475 1636 1507 magne
1659 1465 1830 1506 opinionis
1854 1464 1957 1496 habe-

136 1526 239 1558 retur,
261 1519 457 1563 petentibus
480 1520 575 1551 clero
599 1526 633 1552 et
656 1520 797 1561 populo,
819 1530 886 1551 una
910 1522 1006 1551 cum'
1040 1518 1208 1560 Gisulpho
1239 1519 1372 1551 Salerni
1402 1518 1569 1560 principe,
1592 1519 1626 1550 in
1651 1518 1797 1550 ecclesia
1822 1517 1956 1549 Polica-

844 1572 913 1611 Qui
938 1583 1014 1604 cum
1039 1583 1158 1614 parum
1174 1572 1245 1604 illic
1261 1573 1426 1614 temporis
1442 1571 1671 1613 expendisset,
1695 1570 1872 1603 exterioris
1889 1571 1957 1602 vite

137 1627 317 1670 strepitum
339 1637 409 1659 non
431 1627 557 1664 serena,
580 1627 625 1658 ad
648 1626 889 1659 monasterium
913 1625 1025 1664 rediit,
1048 1636 1088 1658 ac
1119 1636 1155 1657 se
1179 1627 1216 1657 in
1245 1625 1421 1657 interioris
1451 1625 1520 1656 vite
1552 1624 1699 1656 studium
1737 1634 1830 1656 more
1860 1624 1958 1655 solito

138 1685 247 1712 totum
275 1680 374 1713 dedit
385 1679 406 1713 ⁷.

452 1680 553 1713 Tunc
576 1686 673 1722 pater
697 1678 906 1711 venerabilis
929 1679 1004 1711 Leo
1028 1680 1249 1712 vehementer
1272 1679 1405 1715 timens,
1430 1689 1472 1710 ne
1497 1677 1737 1709 monasterium
1762 1683 1856 1709 tanto
1880 1677 1955 1708 viro

138 1734 342 1776 privaretur,
364 1733 465 1766 simul
487 1743 574 1765 onus
596 1733 771 1776 regiminis
795 1743 830 1764 se
854 1733 921 1764 iam
946 1743 1007 1775 pre
1030 1738 1205 1764 senectute
1229 1732 1322 1763 ferre
1345 1741 1414 1763 non
1437 1741 1536 1773 posse
1569 1730 1801 1767 considerans,
1833 1740 1956 1761 convo-

138 1787 226 1820 catis
248 1786 422 1824 fratribus,
453 1797 530 1819 eum
562 1787 628 1819 sibi
657 1796 891 1819 successorem
922 1785 1109 1824 constituit,
1133 1792 1169 1818 et
1190 1786 1276 1827 ipse,
1303 1790 1341 1816 ut
1364 1785 1439 1816 Deo
1470 1795 1532 1827 per
1561 1783 1710 1826 quietem
1742 1790 1889 1822 vacaret,
1913 1783 1956 1814 ad

224 1900 232 1916 ¹
251 1900 357 1930 Questa
374 1902 469 1926 chiesa
488 1900 503 1926 ὲ
515 1903 642 1926 elencata
662 1910 769 1934 sempre
784 1902 858 1926 nelle
879 1901 954 1925 boile
975 1908 1020 1933 pa-

137 1945 193 1976 pali
213 1943 242 1968 di
263 1943 406 1968 conferma
419 1951 467 1976 per
487 1944 512 1968 le
526 1946 701 1977 possessioni
715 1944 745 1969 di
759 1943 846 1968 Cava.
884 1943 952 1967 Aila
966 1943 1020 1966 fine

137 1985 180 2010 del
201 1993 254 2010 sec.
272 1985 323 2010 XV
341 1992 437 2018 presso
457 1985 484 2010 di
504 1993 564 2010 essa
585 1993 696 2017 presero
725 1985 834 2010 dimora
861 1984 936 2017 degli
963 1991 1021 2008 ere-

137 2027 202 2052 miti
221 2035 273 2051 con
295 2034 310 2051 a
329 2034 400 2060 capo
419 2027 472 2052 Fra
491 2027 581 2052 Paolo
601 2028 629 2052 di
649 2027 676 2052 S.
695 2027 839 2058 Severino,
861 2028 881 2051 il
898 2027 980 2058 quale
994 2028 1019 2049 ai

137 2070 223 2102 primi
241 2069 271 2094 di
290 2070 430 2094 dicembre
452 2077 517 2102 1493
537 2072 654 2094 ottenne
673 2071 721 2095 dal
736 2077 857 2094 vescovo
877 2070 905 2093 di
928 2070 1020 2098 Muro,

136 2111 239 2136 Nicola
258 2113 290 2136 de
307 2113 438 2141 Piscibus,
458 2113 567 2136 vicario
586 2113 631 2136 del
654 2113 729 2137 card.
755 2112 886 2137 Oliviero
907 2111 1020 2141 Carasa,

136 2153 384 2179 Commendatario
404 2154 431 2178 di
453 2153 538 2183 Cava,
553 2155 582 2179 di
597 2155 706 2179 elevare
721 2156 818 2178 vicino
839 2154 872 2178 ad
893 2160 953 2178 essa
966 2160 1022 2177 una

137 2202 229 2220 nuova
248 2195 341 2220 chiesa
360 2195 389 2219 in
410 2203 500 2220 onore
519 2197 548 2220 di
567 2196 659 2221 Maria
678 2196 724 2222 SS.
753 2197 862 2229 Regina
881 2196 949 2220 coeli
967 2202 1019 2219 con

136 2244 228 2262 nuove
247 2237 316 2262 celle
334 2237 379 2270 (A.
399 2237 431 2263 C.
444 2237 610 2266 Lxxxvn.
631 2247 656 2263 n.
671 2239 708 2271 3).
746 2239 973 2263 Presentemente
992 2237 1020 2260 vi

135 2285 207 2303 sono
225 2280 318 2304 ruderi
335 2280 411 2304 della
430 2281 525 2305 chiesa
544 2287 558 2304 e
577 2281 652 2305 della
666 2288 738 2311 casa,
756 2288 812 2305 non
828 2281 918 2305 molto
934 2282 1020 2303 vasta.

223 2319 233 2337 ²
245 2320 339 2354 Cluny
351 2323 379 2346 in
390 2322 549 2354 Borgogna.
569 2322 601 2347 V.
614 2322 681 2347 Vita
692 2324 720 2347 di
731 2322 757 2347 S.
768 2323 882 2347 Alferio
894 2330 919 2354 p.
931 2321 955 2350 6,
968 2322 986 2345 l.
997 2329 1022 2353 4.

222 2360 234 2377 ³
252 2362 316 2394 Ugo
335 2363 366 2387 su
385 2363 484 2388 abbate
502 2363 532 2387 di
552 2362 645 2396 Cluny
665 2364 712 2388 dal
735 2371 804 2396 ¹0⁴9
823 2364 851 2388 al
875 2369 950 2393 ¹¹09·

222 2402 233 2418 ⁴
252 2404 339 2430 Verso
352 2405 373 2430 11
390 2405 468 2438 1058.
497 2405 521 2430 11
535 2407 722 2431 trattamento
737 2406 859 2438 speciale
874 2406 948 2429 fatto
962 2404 1022 2428 dal-

135 2445 257 2471 l'abbate
274 2446 414 2480 sant'Ugo
432 2447 460 2472 al
480 2449 605 2479 giovane
622 2447 637 2473 e
650 2450 769 2481 proprio
783 2448 906 2472 secondo
921 2448 947 2471 le
960 2454 1021 2479 pre-

136 2488 274 2512 scrizloni
300 2489 371 2514 delle
399 2490 607 2515 consuetudines
635 2491 830 2515 Clum'acenses.
865 2489 878 2513 1
900 2489 1021 2521 giovani

136 2530 186 2554 che
204 2530 228 2554 si
247 2532 462 2562 presentavano,
481 2533 571 2563 prima
590 2532 621 2556 di
639 2539 730 2556 essere
749 2533 877 2556 ammessi
898 2532 924 2555 in
949 2533 1022 2555 clan-

136 2574 226 2602 strum,
246 2571 309 2596 cioe
327 2579 343 2596 a
361 2573 405 2596 sar
422 2575 502 2604 parte
515 2573 590 2597 della
608 2572 767 2603 comunita,
781 2574 933 2598 dovevano
947 2575 1021 2596 stare

136 2613 164 2637 in
181 2615 277 2644 schola,
305 2616 383 2639 sotto
402 2614 430 2639 la
449 2615 595 2640 direzione
623 2616 653 2639 di
682 2623 720 2640 un
749 2616 836 2647 padre
856 2616 987 2642 anziano.
1007 2621 1021 2637 e

137 2655 196 2680 sare
214 2655 236 2680 il
257 2657 413 2688 noviziato,
440 2655 497 2681 cosi
526 2664 594 2689 pure
622 2658 740 2682 chierici
760 2666 773 2681 e
793 2657 951 2681 sacerdoti:
973 2664 1022 2688 per

137 2698 250 2722 monaci
266 2698 297 2722 di
316 2699 391 2722 altro
411 2700 572 2723 monastero
591 2700 727 2724 decideva
741 2699 877 2723 l’abbate:
902 2699 915 2712 ‘¹
926 2699 973 2730 qui
988 2699 1022 2722 de

139 2739 257 2764 “alieno
287 2741 461 2766 monasterio
486 2741 630 2773 (venerit),
658 2742 793 2766 similiter
821 2742 912 2773 petita
938 2742 1022 2764 venia

136 2782 150 2795 ¹¹
162 2782 238 2806 sedet
256 2782 302 2806 ubi
322 2783 434 2807 iubetur
455 2784 604 2808 secundum
626 2785 700 2815 quod
720 2784 854 2807 dominus
874 2783 958 2807 abbas
972 2789 1020 2806 vo-

137 2823 246 2848 ‘luerit
263 2826 292 2848 et
312 2824 418 2848 viderit
443 2831 592 2857 personam
604 2842 628 2858 „.
665 2825 710 2851 Cf.
732 2826 939 2850 Consuetudines
953 2826 1020 2851 cit.:

137 2864 248 2894 Mmun,
266 2867 347 2890 Patr.
367 2867 439 2896 Lat„
459 2866 582 2895 CXLIX.
601 2867 658 2892 col.
678 2873 737 2899 7⁰1·

221 2906 233 2921 ⁵
251 2906 322 2932 Cioe
340 2909 416 2940 negli
445 2908 523 2932 ufficl.
551 2909 658 2933 diversi
679 2910 724 2933 del
746 2911 918 2938 monastero,
937 2917 951 2932 e
978 2911 1021 2932 tre

137 2949 206 2972 anni
223 2956 320 2980 presso
338 2950 476 2974 l’abbate:
502 2951 511 2974 i
536 2952 691 2981 cappellani
718 2951 822 2975 abbatis
851 2957 939 2974 erano
965 2958 1021 2973 mo-

267 3063 547 3097 T.V1‚p.v—2.

1076 1901 1139 1924 naci
1159 1900 1187 1924 di
1208 1900 1318 1930 fiducia,
1339 1899 1446 1923 adtletti
1467 1899 1522 1922 alla
1543 1906 1592 1922 sua
1612 1905 1739 1930 persona,
1758 1905 1835 1921 coine
1859 1899 1955 1924 vicari,

1074 1943 1218 1974 segretari,
1239 1942 1488 1969 amministratori,
1502 1941 1550 1964 che
1571 1940 1854 1972 l'nccnmpagnavano
1869 1939 1955 1962 anche

1076 1985 1120 2008 nei
1147 1985 1252 2016 viaggi.
1294 1983 1327 2007 V.
1353 1983 1504 2011 HERGOTT‚
1535 1983 1610 2006 I'etm
1635 1983 1777 2012 disciplina
1804 1982 1956 2009 monadica,

1075 2028 1131 2057 cit„
1152 2035 1180 2059 p.
1197 2026 1257 2058 476,
1279 2025 1329 2056 488
1349 2033 1362 2049 e
1381 2031 1440 2056 490.

1163 2067 1174 2083 ⁶
1193 2067 1248 2092 Gia
1270 2069 1289 2091 il
1310 2075 1382 2099 papa
1401 2067 1517 2091 Stefano
1530 2067 1568 2091 IX
1582 2073 1668 2090 avc-va
1682 2073 1815 2089 concesso
1831 2066 1873 2088 nel
1893 2065 1956 2095 1055

1075 2112 1310 2136 all'arclvescovo
1331 2111 1357 2133 di
1378 2110 1496 2133 Salerno
1516 2110 1543 2132 (li
1566 2109 1745 2140 ripristinare
1766 2108 1791 2131 la
1807 2108 1911 2131 diocesi
1927 2106 1954 2129 di

1075 2153 1245 2182 Policastro,
1263 2152 1357 2175 antica
1377 2152 1439 2175 sede
1459 2151 1618 2182 episcopale
1638 2151 1666 2174 di
1693 2151 1844 2175 Buxentum,
1858 2158 1871 2171 c
1885 2149 1957 2171 forse

1075 2194 1192 2219 Gisulfo
1213 2202 1299 2218 aveva
1328 2194 1435 2217 dovuto
1464 2200 1612 2216 conoscere
1630 2191 1656 2215 S.
1679 2192 1773 2215 Pietro
1795 2191 1838 2214 nel
1861 2196 1956 2213 mona-

1075 2239 1150 2261 stero
1170 2237 1198 2260 di
1219 2237 1245 2260 S.
1266 2235 1424 2266 Arcangelo
1450 2236 1493 2258 del
1515 2234 1639 2263 Cilento,
1659 2241 1672 2257 e
1692 2234 1806 2257 dovctte
1827 2234 1957 2255 insistere

1077 2288 1124 2311 per
1144 2280 1170 2303 la
1190 2287 1238 2303 sua
1258 2279 1393 2302 elezione.
1413 2278 1463 2302 Del
1483 2284 1610 2308 governo
1630 2277 1658 2300 di
1674 2284 1721 2300 san
1737 2276 1832 2299 Pietro
1846 2283 1860 2298 a
1880 2274 1957 2299 Poli-

1076 2323 1168 2345 castro
1186 2328 1243 2344 non
1263 2320 1276 2344 ὲ
1297 2322 1413 2344 rimasta
1437 2319 1509 2343 altra
1530 2319 1636 2343 notizia
1665 2319 1713 2342 che
1731 2320 1828 2349 questa
1849 2317 1956 2340 riserita

1077 2362 1111 2386 da
1130 2362 1202 2393 Ugo.
1235 2359 1279 2385 Cf.
1299 2361 1394 2390 Kena,
1407 2364 1447 2390 op.
1461 2361 1514 2387 cil..
1534 2368 1559 2393 p.
1579 2366 1637 2392 350,
1653 2366 1702 2390 370
1716 2367 1729 2382 c
1743 2358 1886 2385 Κι1-ῑ1ν1τῑ,
1902 2359 1958 2381 Zur

1082 2404 1231 2428 Gescln‘chte
1245 2404 1294 2427 der
1314 2404 1416 2426 Bistam
1430 2402 1615 2432 orgam'sarinn
1631 2401 1807 2430 Campanicns
1820 2400 1874 2423 rmd
1887 2400 1957 2429 Apu-

1075 2447 1144 2470 It'ens
1156 2447 1182 2469 in
1195 2454 1236 2470 10.
1249 2447 1304 2469 und
1314 2453 1352 2469 11⁴
1370 2445 1563 2476 Jahrlumdert,
1580 2445 1607 2466 in
1623 2442 1710 2470 Quel
1721 2443 1727 2465 1
1737 2449 1751 2466 e
1761 2450 1775 2465 11
1792 2450 1807 2465 u
1818 2449 1833 2464 n
1843 2441 1859 2464 d
1876 2442 1894 2465 F
1904 2449 1920 2463 0
1932 2449 1957 2463 r-

1076 2489 1266 2520 schungen
1299 2494 1361 2511 aus
1393 2486 1669 2510 italienischen
1702 2485 1958 2512 Archiven....,

1075 2530 1176 2559 XXIV,
1199 2535 1320 2561 ¹93²·33·
1342 2536 1368 2561 p.
1391 2528 1430 2552 iS.

1163 2570 1171 2586 ⁷
1190 2571 1421 2595 Probabilmente
1435 2571 1479 2594 nel
1498 2569 1562 2594 1066
1577 2577 1592 2592 ο
1611 2568 1684 2598 1067,
1705 2566 1804 2600 perch'e
1820 2568 1863 2591 nel
1882 2566 1957 2593 1068,

1076 2615 1198 2645 maggio,
1216 2619 1336 2645 rcggeva
1357 2613 1376 2636 il
1398 2614 1557 2635 monastero
1577 2611 1606 2634 di
1626 2610 1652 2635 S.
1672 2609 1832 2641 Arcangelo
1853 2609 1895 2633 dcl
1911 2608 1957 2632 Ci-

1075 2656 1152 2679 lento
1166 2662 1262 2687 presso
1277 2655 1441 2678 Perdifumo
1460 2653 1504 2684 (A.
1516 2653 1557 2680 C.,
1572 2652 1631 2679 ΧΠ.
1646 2660 1672 2675 n.
1687 2658 1729 2683 35,
1745 2653 1797 2683 57).
1834 2650 1856 2674 Il
1872 2650 1958 2674 Gurt-

1075 2703 1182 2726 Lauue,
1213 2697 1271 2720 Vita
1291 2697 1320 2720 di
1339 2698 1366 2721 S.
1387 2697 1482 2723 Leone,
1503 2703 1528 2726 p.
1550 2702 1590 2724 24.
1610 2695 1734 2717 sostiene
1758 2694 1809 2717 che
1834 2694 1855 2715 si
1878 2692 1957 2715 tratti

1075 2738 1220 2762 dell’altro
1239 2740 1265 2761 S.
1290 2738 1411 2761 Michele
1437 2737 1469 2760 de
1496 2738 1587 2760 ‚llonte
1608 2737 1708 2760 Corace
1728 2733 1959 2765 montecorice„

1076 2789 1119 2804 ma
1139 2783 1237 2812 questo
1256 2788 1302 2804 era
1320 2781 1384 2804 solo
1404 2787 1459 2804 una
1485 2780 1576 2802 chiesa
1603 2779 1775 2811 dipendente
1801 2777 1835 2800 da
1855 2776 1960 2807 quello,

1076 2830 1153 2846 corne
1171 2824 1195 2846 si
1216 2824 1311 2846 ricava
1330 2823 1407 2846 dalle
1426 2821 1502 2845 holle
1521 2821 1618 2852 papali
1638 2821 1666 2844 di
1687 2820 1802 2844 Urbano
1824 2819 1847 2842 11
1867 2817 1959 2847 (1089)

1075 2873 1089 2889 e
1108 2864 1245 2896 Pasquale
1262 2865 1286 2888 ΙΙ
1307 2865 1408 2895 (1100).
1445 2864 1487 2886 Da
1501 2866 1600 2894 questo
1620 2864 1781 2885 monastero
1797 2861 1840 2884 nel
1866 2859 1930 2891 1069
1944 2867 1960 2882 o

1079 2913 1146 2938 ¹070
1163 2914 1214 2930 san
1233 2906 1329 2930 Pie-tro
1344 2905 1426 2938 passo
1441 2906 1466 2929 al
1485 2906 1636 2928 vesi-ovato
1650 2904 1679 2927 di
1699 2902 1866 2932 Policastw,
1888 2902 1960 2925 dove

1077 2951 1178 2973 rimase
1198 2956 1270 2982 poco
1291 2952 1395 2980 tempo.

2049 312 2067 325 e.
2084 311 2126 328 ‘a'

2025 939 2096 961 Nica„
2114 942 2151 957 21¹¹.

1984 2028 2017 2052 30

1984 2239 2014 2263 35

1987 2658 2018 2683 43
