2280 3476
187 470 257 489 ι.3ν

211 839 230 852 C.

153 1099 227 1123 Mun..

214 1210 233 1224 ε.

244 839 280 857 jv

244 1099 283 1118 208

245 1210 282 1228 jv

299 2104 329 2120 10

297 2316 325 2341 15

295 2524 328 2540 20

293 2735 323 2759 ²5

291 2941 325 2966 30

361 165 382 201 ὁ
593 164 756 200 VITAE
786 164 1047 203 QUATUOR
1074 163 1314 199 PRIORUM
1345 163 1942 200 ABBATUMVCAVENSIUM

357 296 490 338 integer
504 295 700 338 pertingere
723 295 909 326 meruisset.
955 295 1078 327 Mortis
1102 305 1196 338 ergo,
1219 301 1257 327 ut
1279 295 1432 336 putabat,
1449 294 1669 326 festinatione
1693 295 1904 336 perterritus,
1921 295 2036 328 seculo
2053 305 2178 328 renun-

357 349 443 380 tiare
468 349 657 390 proposuit,
680 354 724 386 et,
750 348 781 380 ei
805 348 897 390 quod
921 348 1071 380 restabat
1094 348 1176 386 vite,
1201 348 1443 389 omnipotentis
1458 348 1524 379 Dei
1539 348 1676 379 servitio
1694 358 1940 379 consummare.
1985 349 2048 380 Vir
2065 355 2178 380 autem

359 401 428 433 vite
459 401 559 432 valde
590 400 797 432 venerabilis
819 401 935 443 odilo,
959 400 1197 433 Cluniacensis
1220 400 1324 433 abbas
1339 400 1361 438 ¹,
1393 401 1483 432 forte
1507 407 1588 432 tunc
1619 401 1663 432 ad
1690 400 1780 432 idem
1812 401 1992 433 cenobium
2024 408 2176 443 venerat,

358 463 459 496 quem
486 464 563 484 cum
586 453 765 495 plurimum
788 455 945 496 roga'ret,
963 459 1000 485 ut
1023 453 1174 485 habitum
1191 459 1309 486 sancte
1333 453 1509 496 religionis
1532 454 1724 495 imponeret
1737 452 1759 492 ²,
1783 453 1986 485 Cluniacum
2009 455 2178 487 deductus

358 512 418 542 est,
442 505 555 548 ibique
580 506 672 548 quod
695 507 750 547 pie
775 506 970 547 postulavit,
995 506 1148 538 obtinere
1175 507 1370 547 promeruit.
1416 507 1479 538 Vir
1503 517 1585 549 ergo
1609 511 1757 543 sanctus,
1787 512 1966 548 postquam
1997 507 2174 550 religionis

358 558 511 591 habitum
534 559 687 600 sumpsit,
711 569 845 591 omnem
868 559 960 590 illam
984 559 1217 591 strenuitatem
1241 559 1347 592 seculi
1371 561 1413 591 ad
1437 560 1553 592 divina
1583 559 1695 591 studia
1726 559 1906 591 convertit.
1952 559 2053 602 Cepit
2085 560 2177 592 enim

358 612 489 654 magnis
519 611 699 643 desideriis
729 622 876 653 superna
905 622 1061 651 querere,
1093 613 1151 654 qui
1182 613 1315 645 solebat
1342 613 1473 655 ingenti
1504 612 1618 645 studio
1650 618 1806 644 strenuus
1836 623 1898 654 pro
1929 613 2174 654 temporalibus

358 675 533 706 apparere.
581 665 742 697 Seculum
764 665 866 707 igitur
889 670 960 697 tota
983 665 1174 698 intentione
1198 666 1346 708 fugiens,
1370 666 1406 696 in
1438 665 1535 697 brevi
1565 671 1723 706 tempore
1754 666 1844 697 adeo
1875 665 2038 707 profecit,
2068 675 2104 697 ut
2134 667 2179 699 ad

357 724 474 750 sancte
497 718 764 749 conversationis
789 728 900 749 arcem
923 718 1145 761 pertingeret,
1169 725 1202 750 et
1226 719 1364 750 culmen
1388 718 1614 759 perfectionis
1628 718 1760 760 magnis
1777 717 1930 750 laborum
1946 718 2075 750 meritis
2090 720 2177 760 opti-

356 776 462 802 neret.
510 770 680 807 Quicum
707 771 886 812 plurimum
918 771 1105 812 temporis³
1135 772 1170 802 in
1201 771 1378 803 secretiori
1409 771 1547 803 claustri
1579 771 1842 803 conversatione
1872 777 2064 814 perageret,
2096 772 2178 803 licet

356 823 458 855 valde
481 829 570 855 esset
593 829 756 865 acceptus
779 823 952 864 fratribus,
978 834 1183 867 quamquam
1207 824 1309 866 patri'
1341 825 1539 856 monasterii
1570 824 1650 856 satis
1681 834 1792 862 carus,
1821 829 1935 856 tamen
1966 830 2151 857 memorato
2166 824 2176 840 ⁴

357 876 488 908 Salerni
510 877 666 918 principe
689 877 880 918 optinente,
895 877 1086 915 remittitur,
1111 884 1145 910 et
1169 877 1320 908 eiusdem
1344 877 1493 909 civitatis
1517 877 1592 908 fere
1616 877 1730 908 omnia
1752 877 1958 909 monasteria
1976 878 2007 909 ei
2023 878 2178 920 regenda

361 929 612 961 committuntur
627 929 647 959 ⁵.
692 929 763 961 Sed
786 930 838 961 vir
861 936 999 962 sanctus
1021 931 1157 962 interne
1182 930 1307 972 quietis
1331 930 1571 972 splendoribus
1595 935 1756 967 assuetus,
1789 930 1994 962 exteriorum
2025 931 2179 973 negotio-

356 992 428 1013 rum
453 982 603 1014 tenebris
628 983 687 1014 diu
709 983 884 1025 prepediri
910 983 1017 1015 noluit
1029 983 1051 1015 ⁶.
1097 983 1243 1015 Dimissa
1266 983 1395 1025 quippe
1420 983 1570 1020 civitate,
1595 983 1695 1026 longe
1719 983 1752 1014 in
1776 983 1903 1014 excelsi
1919 983 2041 1015 montis
2058 983 2175 1022 latere,

357 1035 413 1066 cui
436 1035 600 1066 Fenestra
625 1035 827 1067 vocabulum
852 1042 903 1068 est
914 1035 938 1073 ⁷,
962 1036 1083 1078 quietis
1106 1047 1165 1067 sue
1188 1036 1300 1068 locum
1330 1035 1443 1073 subiit,
1475 1036 1671 1078 primusque
1702 1047 1763 1077 pre
1795 1035 1951 1068 omnibus
1981 1035 2175 1068 Metelliani

356 1087 508 1120 Cavam⁸
531 1089 775 1120 monachorum
800 1090 1011 1121 mansionem
1036 1089 1131 1127 fecit,
1155 1095 1187 1121 et
1209 1095 1246 1121 ut
1268 1094 1385 1130 aperte
1409 1089 1476 1120 iam
1502 1088 1658 1121 cernitur'
1683 1088 1790 1120 omnis
1814 1095 1929 1122 nostre
1953 1089 2177 1121 multitudinis

358 1141 574 1174 seminarium
598 1142 673 1173 fuit.
719 1142 822 1174 Velut
845 1143 934 1174 enim
959 1153 1002 1174 ex
1026 1152 1135 1185 grano
1149 1142 1207 1174 illo
1225 1142 1399 1174 frumento
1416 1142 1599 1184 evangelii,
1615 1141 1695 1173 dum
1712 1142 1869 1184 perfecta
1886 1142 2176 1184 contemplatione

355 1200 446 1226 terre
469 1194 654 1226 viventium
677 1195 795 1226 mundi
819 1195 973 1227 omnibus
996 1195 1193 1237 strepitibus
1217 1195 1312 1233 obiit,
1336 1196 1476 1227 multum
1500 1196 1702 1227 imitantium
1726 1205 1762 1227 se
1793 1195 1949 1228 fru'ctum
1973 1195 2079 1228 dedit.
2125 1195 2176 1228 Ibi

357 1247 469 1289 itaque
493 1247 641 1290 ingentis
664 1253 697 1279 et
719 1248 882 1279 terribilis
905 1249 1067 1290 spelunce
1091 1248 1233 1280 secretis
1256 1249 1434 1290 repositus,
1457 1248 1550 1280 solus
1565 1249 1627 1280 soli
1645 1248 1717 1280 Deo
1734 1259 1871 1287 vacans,
1888 1250 2021 1291 solique
2038 1249 2176 1291 placere

358 1300 557 1332 desiderans
570 1303 592 1338 ⁹,
624 1301 704 1332 dum
735 1302 853 1333 mundi
884 1301 1027 1343 gloriam
1058 1302 1158 1344 fugit,
1188 1302 1232 1334 ad
1264 1301 1373 1333 laudis
1403 1312 1463 1333 sue
1488 1302 1689 1343 preconium
1713 1303 1904 1334 vicinarum
1935 1302 2068 1334 urbium
2100 1303 2175 1334 fere

358 1353 507 1385 omnium
529 1353 663 1396 linguas
685 1354 799 1386 movit.
844 1354 946 1396 Cepit
968 1354 1084 1396 itaque
1109 1365 1234 1387 nomen
1249 1355 1439 1387 sanctitatis
1455 1355 1528 1386 eius
1543 1354 1663 1387 haberi
1680 1355 1830 1393 celebre,
1848 1361 1880 1387 et
1895 1361 1988 1387 tante
2005 1355 2176 1396 opinionis

357 1406 458 1448 longe
482 1406 617 1448 lateque
641 1407 787 1439 dilatari.
833 1408 876 1439 Et
900 1408 979 1449 quia
1001 1413 1195 1440 sanctorum
1218 1408 1389 1450 perfectio
1412 1407 1518 1440 maior
1541 1413 1593 1440 est
1615 1407 1755 1445 meritis,
1781 1418 1880 1450 quam
1911 1418 1970 1440 ore
2001 1408 2174 1440 hominum

357 1459 481 1491 referri
503 1460 621 1501 possit,
645 1466 743 1501 pater
765 1466 902 1492 sanctus
925 1470 993 1492 non
1017 1460 1124 1493 solum
1155 1460 1258 1492 fortia
1289 1461 1451 1498 exercuit,
1482 1461 1543 1493 sed
1573 1461 1673 1493 etiam
1705 1461 1877 1493 miraculis
1907 1462 2112 1499 coruscavit,
2142 1467 2179 1493 ut

358 1522 442 1554 quos
465 1512 557 1544 fama
580 1512 747 1550 alliceret,
771 1513 935 1545 miracula
958 1513 1153 1545 solidarent.
1200 1514 1377 1555 Ceperunt
1393 1523 1475 1557 ergo
1492 1514 1646 1546 nonnulli
1662 1514 1812 1546 seculum
1829 1515 2037 1557 relinquere,
2054 1521 2087 1546 et
2103 1515 2175 1546 eius

356 1566 549 1608 magisterio
577 1565 769 1610 subiugare.

444 1719 453 1735 ¹
472 1720 583 1744 Abbate
602 1720 629 1743 di
651 1719 754 1751 Cluny,
774 1721 801 1743 in
816 1720 975 1752 Bmgogna,
996 1719 1041 1744 dal
1053 1727 1104 1751 994
1118 1720 1143 1744 al
1162 1720 1236 1752 1048.

358 1762 383 1785 S.
402 1760 522 1785 Michele
542 1762 569 1785 di
590 1760 697 1785 Chiusa
716 1769 761 1785 era
780 1761 852 1785 sulla
872 1761 919 1785 via
940 1762 973 1786 da
994 1764 1162 1793 percorrersi
1189 1770 1237 1794 per

359 1805 454 1827 venire
479 1803 555 1827 dalla
581 1802 701 1827 Francia
731 1803 948 1828 settentrionale
973 1804 1003 1828 in
1023 1805 1124 1829 Italia:
1145 1805 1172 1828 di
1199 1812 1235 1828 un

358 1846 507 1878 passaggio
521 1846 548 1869 di
563 1853 612 1869 san
627 1846 744 1874 Maiolo,
758 1853 826 1877 pure
837 1846 935 1870 abbate
946 1846 974 1870 di
991 1846 1083 1878 Cluny
1097 1846 1237 1879 (948-994)

358 1895 374 1911 a
391 1887 418 1911 S.
438 1888 557 1912 Michele
575 1888 598 1911 si
618 1888 697 1919 parla
718 1888 790 1912 nella
812 1889 871 1912 vita
891 1888 918 1911 di
946 1895 995 1912 san
1022 1887 1186 1920 Guglielmo
1206 1889 1234 1912 di

358 1931 503 1962 Volpiano
524 1932 552 1954 in
572 1930 631 1954 Act.
651 1930 701 1955 SS.
723 1931 841 1958 Ianuar„
860 1930 880 1958 1,
900 1938 924 1961 p.
946 1937 988 1961 59,
1008 1938 1067 1963 cap.
1085 1931 1133 1961 111,
1154 1938 1234 1955 n.12.

443 1971 454 1987 ²
471 1973 524 1996 Era
544 1980 647 1996 ancora
659 1972 718 2004 agli
733 1973 805 1996 inizi
821 1973 841 1996 il
856 1975 1016 1997 monastero
1032 1973 1106 1997 della
1121 1973 1235 2001 Chiusa.

357 2015 457 2045 quindi
472 2014 659 2039 sant’Alserio
680 2014 782 2046 preseri
803 2022 890 2039 essere
911 2015 1020 2040 accolto
1034 2016 1108 2039 nella
1129 2016 1236 2040 {amosa

356 2064 369 2079 e
389 2056 493 2087 grande
513 2057 629 2080 abbazia
649 2056 677 2080 di
699 2056 800 2088 Cluny.

441 2097 451 2112 ³
470 2098 498 2122 Si
520 2097 576 2130 pub
602 2100 699 2130 questo
714 2100 858 2128 plurimum
884 2100 1009 2129 temporis
1034 2100 1171 2124 calcolare
1189 2101 1235 2125 dal

358 2147 422 2171 1003
442 2141 469 2164 al
491 2148 557 2173 ¹⁰09
577 2149 592 2165 o
615 2148 689 2165 1010.

440 2181 449 2196 ⁴
470 2182 637 2207 Guaimario
663 2184 709 2212 lv,
729 2184 750 2207 11
770 2184 851 2214 quale
877 2185 951 2208 volle
972 2184 1045 2208 forse
1073 2185 1235 2209 sostituirlo

355 2226 381 2248 al
409 2233 527 2249 monaco
554 2226 662 2255 Liuzio,
691 2225 740 2249 che
765 2226 807 2257 gli
836 2233 882 2249 era
908 2228 982 2249 stato
1005 2226 1133 2250 “dudum
1157 2230 1235 2258 pater

356 2266 369 2278 ‘¹
379 2267 538 2297 spiritualis
548 2268 575 2290 et
586 2267 739 2290 familiaris
747 2274 828 2298 super
835 2275 950 2298 omnes„
967 2268 1074 2298 (Leone
1083 2267 1234 2299 Ostiense),

355 2309 469 2331 tornato
489 2316 502 2331 a
522 2308 621 2331 Monte
640 2307 761 2331 Cassino
781 2307 823 2339 (V.
845 2309 923 2337 lntr.,
943 2317 968 2339 p.
988 2314 1041 2336 vn,
1060 2309 1078 2332 1.
1101 2309 1152 2339 ¹9)-

439 2347 449 2361 ⁵
469 2349 523 2373 Gis
542 2357 627 2373 erano
647 2349 729 2372 molti
752 2350 759 2372 i
778 2351 929 2374 monasteri
946 2350 1124 2374 benedettini
1145 2352 1173 2373 in
1187 2350 1234 2374 Sa—

354 2391 444 2414 lerno:
464 2391 490 2415 S.
510 2391 663 2415 Benedetto
690 2390 821 2423 (fondato
848 2392 921 2415 forse
949 2393 992 2415 nel
1020 2399 1071 2416 sec.
1097 2392 1183 2423 VIII),
1207 2393 1233 2416 S.

355 2433 488 2456 Massirno
509 2432 543 2462 (a.
569 2432 639 2464 868),
665 2433 691 2458 S.
716 2433 845 2457 Lorenzo
870 2433 906 2465 (a.
932 2433 1002 2465 963),
1028 2435 1053 2459 S.
1074 2434 1171 2458 Pietro
1198 2434 1232 2464 (a.

354 2473 424 2505 956),
443 2474 469 2498 S.
488 2475 578 2499 Maria
598 2476 630 2499 de
650 2476 740 2499 domno
759 2475 793 2506 (a.
814 2473 885 2507 989),
905 2475 930 2499 S.
951 2476 1022 2501 Solia
1048 2474 1084 2507 (a.
1110 2476 1182 2508 999),
1206 2477 1232 2500 S.

355 2515 446 2540 Felice
465 2515 500 2548 (a.
518 2516 590 2548 997).

440 2556 450 2572 ⁵
469 2559 492 2582 11
511 2566 637 2590 governo
657 2559 702 2582 dei
727 2561 879 2583 monasteri
901 2560 929 2583 di
954 2559 1071 2583 Salerno
1090 2567 1104 2582 e
1124 2560 1150 2583 la
1172 2560 1234 2584 loro

354 2599 471 2624 risorma
492 2601 659 2624 incontrava
678 2601 748 2624 serie
777 2600 922 2629 difficolta,
943 2600 1042 2632 perche
1065 2603 1143 2632 quasi
1165 2604 1231 2626 tutti

352 2649 438 2665 erano
457 2642 487 2665 in
514 2649 596 2666 mano
616 2643 645 2666 di
665 2643 740 2673 laici,
767 2643 873 2674 iquali
900 2651 933 2666 ne
958 2643 1155 2675 disponevano
1180 2652 1232 2668 con

353 2684 435 2714 piena
455 2682 564 2713 liberta,
585 2685 784 2709 concedendoli
807 2693 820 2709 a
841 2687 950 2709 monaci
970 2686 997 2708 di
1019 2686 1079 2709 loro
1105 2686 1200 2714 scelta,
1219 2694 1233 2709 e

352 2724 397 2748 cio
418 2733 484 2757 pure
504 2727 547 2749 col
567 2727 652 2757 pleno
672 2734 808 2751 consenso
829 2727 1079 2751 dell'arcivescovo
1094 2728 1137 2758 (V.
1152 2728 1232 2752 Bolla

353 2768 396 2791 del
418 2775 538 2792 vescovo
555 2769 648 2792 Pietro
668 2767 795 2797 dell’882,
815 2777 862 2800 per
882 2770 976 2800 quello
991 2769 1019 2793 di
1035 2777 1084 2793 san
1099 2770 1232 2794 Massimo

354 2811 382 2833 in
413 2810 552 2840 Usuama,
581 2811 663 2834 ltalia
693 2811 789 2840 Sacra,
816 2811 867 2835 VII
893 2811 947 2841 (ed.
978 2813 1055 2842 1721)
1081 2812 1134 2836 col.
1157 2812 1229 2844 360).

352 2852 450 2876 Anche
469 2852 564 2883 quello
590 2851 665 2877 dis.
684 2852 847 2882 Benedetto,
877 2853 1049 2885 dipendenza
1078 2854 1107 2877 di
1135 2854 1233 2878 Monte

351 2892 482 2923 Cassino,
512 2901 559 2918 era
590 2895 664 2918 stato
702 2902 783 2927 preso
817 2895 863 2919 dai
901 2896 1025 2927 principi
1057 2894 1100 2927 (V.
1131 2895 1233 2920 Laom:

352 2935 507 2965 Osrmxsr..
530 2936 671 2960 chronicon
692 2937 857 2966 cassinense,
876 2937 924 2960 lib.
945 2936 992 2968 111,
1012 2945 1033 2962 c.
1052 2935 1104 2969 34).

1377 1720 1387 1736 7
1406 1721 1428 1745 Il
1450 1722 1544 1745 monte
1563 1721 1693 1745 Finestra
1706 1728 1724 1744 0
1735 1721 1861 1749 Pertuso,
1875 1720 1888 1745 ὲ
1908 1719 1967 1745 cosi
1981 1722 2059 1745 detto
2073 1720 2172 1753 perche

1290 1764 1320 1787 in
1341 1771 1435 1787 mezzo
1461 1763 1515 1787 alle
1534 1771 1581 1788 sue
1601 1764 1653 1787 due
1681 1764 1752 1786 cime
1771 1764 1801 1786 vi
1819 1761 1833 1786 ὸ
1852 1771 1890 1787 un
1910 1770 2001 1787 masso
2020 1770 2073 1786 con
2093 1769 2171 1794 aper—

1291 1808 1353 1830 tura
1373 1805 1523 1836 quadrata:
1538 1804 1551 1829 b
1572 1805 1697 1829 l’ultimo
1717 1805 1805 1828 rialzo
1825 1804 1872 1837 (m.
1895 1807 1972 1836 1140)
1987 1804 2060 1828 della
2074 1807 2172 1829 catena

1291 1847 1321 1870 di
1341 1848 1432 1870 monti
1452 1847 1486 1870 da
1506 1846 1640 1871 Sorrento
1661 1854 1740 1870 verso
1760 1847 1885 1872 Salerno.

1377 1887 1387 1903 Β
1406 1889 1446 1912 La
1466 1890 1539 1913 valle
1558 1891 1636 1913 sotto
1655 1890 1752 1913 monte
1770 1889 1898 1912 Finestra
1917 1889 1989 1912 dove
2007 1887 2021 1913 'e
2035 1889 2061 1912 la
2076 1891 2171 1920 grotta

1289 1931 1375 1954 scelta
1395 1931 1429 1954 da
1449 1931 1636 1955 sant’Alserlo
1658 1929 1672 1954 'c
1697 1931 1837 1954 chiamata
1863 1931 1909 1954 nei
1934 1931 2096 1954 documenti
2122 1928 2171 1962 piu

1289 1973 1397 1997 antichi
1417 1974 1568 1997 medievali
1581 1975 1650 1998 locus
1664 1974 1822 1997 Metilianus
1835 1973 1870 1997 da
1884 1973 2027 1997 un’antiea
2041 1973 2112 1997 villa
2127 1981 2171 1997 ro-

1290 2022 1380 2044 mana,
1401 2015 1430 2039 di
1444 2017 1487 2039 cui
1503 2015 1646 2039 fabbriche
1659 2022 1763 2039 ancora
1774 2015 1805 2038 in
1819 2015 1896 2046 piedi
1909 2022 1924 2038 e
1936 2015 2062 2046 parecchi
2077 2016 2170 2039 ruderi

1289 2057 1313 2080 si
1328 2058 1498 2081 incontrano
1519 2057 1563 2081 nel
1582 2057 1723 2089 villaggio
1743 2057 1770 2081 S.
1784 2057 1900 2081 Cesario
1914 2063 1929 2080 a
1943 2057 1995 2080 due
2009 2057 2170 2081 chilometri

1289 2099 1366 2123 dalla
1386 2100 1482 2123 Badla.
1518 2100 1644 2123 Siccome
1664 2097 1713 2130 pin
1733 2099 1807 2122 tardi
1827 2098 1852 2122 si
1874 2099 1976 2122 scrisse
2001 2098 2065 2130 quel
2091 2107 2172 2123 nome

1289 2142 1470 2171 Metellianus,
1489 2148 1566 2164 come
1592 2142 1626 2165 ha
1654 2142 1726 2165 fatto
1751 2141 1780 2165 lo
1799 2141 1914 2171 scriptor
1932 2141 2086 2172 dell’opera
2111 2149 2171 2173 pre-

1289 2185 1374 2211 sente,
1393 2183 1432 2214 gli
1453 2184 1552 2206 storici
1572 2182 1674 2207 Cavesl
1694 2191 1727 2206 ne
1752 2183 1947 2207 attribuirono
1974 2183 2000 2206 la
2026 2182 2171 2214 proprieta

1289 2232 1304 2248 a
1324 2224 1358 2252 Q.
1379 2224 1488 2249 Cecilio
1508 2224 1633 2254 Metello,
1647 2232 1689 2248 ma
1704 2223 1912 2248 l'Accademico
1926 2224 2051 2248 Amedeo
2064 2224 2170 2248 Maiuri

1288 2266 1483 2298 (l’asseggiate
1504 2267 1645 2296 Campans,
1665 2266 1777 2297 Hoepli.
1796 2265 1913 2295 Milano,
1931 2265 2004 2297 1938,
2019 2274 2045 2297 p.
2060 2265 2121 2297 218)
2136 2267 2171 2290 ha

1288 2310 1429 2339 precisato
1444 2308 1493 2332 che
1504 2308 1531 2331 la
1542 2308 1612 2331 villa
1625 2308 1733 2331 doveva
1748 2309 1929 2339 appartenere
1943 2308 1998 2331 alla
2009 2316 2078 2339 gens
2090 2308 2170 2331 Meti-

1287 2351 1334 2380 lia,
1356 2351 1361 2373 i
1384 2351 1428 2374 cui
1455 2350 1531 2373 nomi
1559 2351 1731 2374 “ricorrono
1751 2350 1781 2373 di
1802 2351 1945 2380 frequente
1971 2350 2170 2382 nell'epigrafia

1288 2392 1300 2404 “
1313 2400 1428 2416 romana
1448 2400 1462 2416 e
1482 2399 1615 2424 campana
1635 2399 1648 2415 e
1668 2393 1695 2415 di
1712 2392 1944 2424 Aletiliam'sundi
1962 2391 2000 2416 c’e
2020 2392 2039 2415 il
2056 2393 2170 2416 ricordo

1288 2433 1300 2445 ‘¹
1313 2434 1399 2458 anche
1415 2434 1489 2457 nella
1506 2435 1606 2458 Tabula
1621 2434 1793 2457 alimentaria
1807 2434 1834 2457 di
1849 2433 1958 2457 Velleia
1968 2450 1991 2465 η.
2018 2433 2170 2458 L'immane

1287 2477 1389 2507 grotta,
1406 2476 1476 2499 dove
1496 2477 1518 2498 si
1540 2474 1623 2499 ritiro
1638 2475 1837 2503 sant'Alferio,
1857 2476 1941 2507 lunga
1958 2477 2030 2500 circa
2044 2477 2170 2500 trecento

1287 2519 1368 2541 metri
1390 2526 1403 2541 e
1423 2518 1565 2549 profonda
1587 2517 1614 2541 al
1634 2519 1730 2541 centro
1745 2518 1819 2541 circa
1833 2523 1876 2549 35,
1890 2519 1999 2542 doveva
2012 2525 2101 2542 essere
2115 2525 2170 2542 una

1288 2560 1461 2592 dipendenza
1486 2559 1558 2582 della
1579 2559 1649 2582 villa
1668 2559 1779 2582 adibita
1804 2566 1820 2582 a
1846 2561 2027 2592 magazzino:
2054 2561 2129 2584 sotto
2148 2560 2169 2583 11

1287 2602 1414 2625 chiostro
1435 2600 1589 2624 medievale
1608 2601 1632 2624 sl
1653 2600 1765 2624 vedono
1779 2608 1881 2625 ancora
1901 2602 1940 2625 sei
1955 2601 2054 2633 grandi
2076 2602 2170 2633 piloni

1288 2644 1316 2666 in
1338 2646 1479 2667 muratura
1499 2649 1624 2672 romana,
1638 2650 1651 2666 e
1666 2643 1711 2666 nel
1725 2646 1814 2673 punto
1828 2641 1879 2675 pin
1892 2645 1994 2667 stretto
2008 2643 2082 2667 della
2096 2643 2170 2667 valle

1286 2687 1362 2709 sotto
1382 2686 1403 2708 il
1425 2687 1594 2713 monastero,
1615 2683 1709 2708 affioro
1735 2685 1780 2708 nel
1809 2692 1871 2716 1931
1894 2692 1930 2709 un
1955 2693 2033 2709 muro
2053 2693 2170 2709 romano

1286 2728 1366 2759 largo
1386 2728 1438 2751 due
1458 2728 1548 2755 metri,
1568 2727 1617 2750 che
1630 2734 1676 2750 era
1698 2727 1771 2750 forse
1784 2727 1812 2750 la
1826 2727 1891 2759 diga
1911 2735 1958 2758 per
1972 2729 2125 2751 trattenere
2144 2728 2169 2751 le

1286 2777 1372 2800 acque
1391 2769 1434 2792 del
1454 2769 1602 2792 flumicello
1621 2769 1733 2799 Selano,
1753 2771 1865 2800 portate
1884 2770 1932 2801 poi
1956 2769 2011 2793 alla
2037 2769 2108 2793 villa
2134 2770 2169 2793 da

1286 2819 1322 2834 un
1343 2812 1506 2842 aquedotto,
1525 2811 1554 2834 di
1574 2812 1617 2835 cui
1634 2817 1707 2843 poco
1721 2812 1847 2835 distante
1861 2812 1884 2834 si
1900 2811 2010 2835 vedono
2030 2812 2070 2843 gli
2091 2812 2167 2836 archi

1287 2861 1301 2876 a
1326 2855 1367 2877 tre
1393 2853 1497 2881 ordini,
1517 2853 1656 2885 giudicati
1677 2860 1760 2885 opera
1780 2853 1823 2877 del
1845 2853 1872 2876 2⁰
1892 2861 1905 2877 e
1924 2852 1952 2884 3⁰
1971 2854 2068 2877 secolo
2087 2855 2114 2877 di
2136 2854 2167 2879 C.

1370 2894 1381 2910 ⁴³
1399 2895 1426 2919 S.
1446 2894 1594 2919 GREGORU
1616 2896 1701 2923 Dial..
1714 2895 1748 2923 ΙΙ,
1770 2902 1800 2918 1:
1827 2895 1840 2907 ‘¹
1848 2895 1959 2919 Relicta
1974 2895 2058 2919 domo
2073 2896 2166 2919 rebus-

1287 2937 1299 2949 ‘⁴
1310 2944 1361 2969 que
1381 2937 1491 2969 patriis,
1512 2937 1568 2961 soll
1587 2937 1647 2961 Deo
1662 2937 1771 2971 placere
1790 2937 1951 2962 desiderans
1961 2954 1983 2968 η.

2203 773 2242 804 10

2191 1035 2241 1067 ’15

2199 1305 2240 1336 20

815 1566 908 1599 Inter
931 1577 1016 1609 quos
1039 1572 1073 1598 et
1097 1566 1148 1598 vir
1170 1566 1376 1598 venerabilis
1397 1567 1469 1598 Leo
1493 1566 1671 1604 Lucensis,
1702 1573 1737 1599 et
1760 1567 1957 1599 Desiderius
1981 1567 2173 1599 Beneventi
2197 1567 2238 1599 25

2198 1893 2230 1920 35

2199 2104 2232 2129 40

2198 2315 2229 2340 45

2198 2523 2231 2548 50

2197 2735 2227 2760 55

2195 2934 2229 2959 60
