2300 3554
350 207 510 244 VITAE
537 207 800 247 QUATUOR
829 207 1076 244 PRIORUM
1104 209 1363 246 ABBATUM
1391 211 1700 248 CAVENSIUM
1884 214 1929 249 35

115 339 222 373 multa
245 346 279 372 et
302 340 460 382 preclara
483 339 654 373 mirabilia
677 340 769 373 Deus
791 342 994 384 {requenter
1016 348 1189 384 operetur.
1235 341 1392 380 Quorum
1424 344 1526 375 etiam
1555 345 1715 386 precibus
1746 352 1780 378 et
1804 347 1935 379 meritis

115 393 327 426 honestatem
351 399 386 426 et
408 393 599 436 preclaram
624 394 828 437 religionem
849 404 925 426 cum
942 395 1124 427 sanctitate
1147 396 1182 427 in
1199 396 1264 428 hoc
1281 402 1398 428 sancto
1416 399 1621 430 monasterio
1637 399 1807 431 credimus
1823 400 1937 432 hacte-

115 457 178 479 nus
201 452 448 485 conservatam,
472 453 506 479 et
529 447 571 479 ab
594 447 743 479 omnium
767 447 913 479 hostiurn
935 449 1130 481 incursione
1147 454 1182 481 et
1198 448 1401 482 offensione.
1425 449 1569 482 Domino
1585 458 1738 489 auctore,
1763 462 1867 495 usque
1892 454 1935 485 ad

113 499 215 532 finem
239 499 358 532 mundi
382 499 524 532 liberam
548 500 624 532 iore
647 506 750 542 atque
774 500 948 532 munitam.
995 501 1086 544 Ergo
1109 501 1243 533 beatum
1268 503 1374 534 virum
1391 502 1624 535 Constabilem
1649 504 1844 537 humillimis
1860 517 1937 548 pre-

71 553 88 585 5
114 552 212 585 cibus
234 553 434 595 suppliciter
458 563 650 592 exoremus,
672 559 708 586 ut
731 553 825 586 iuxta
849 555 997 587 nominis
1012 555 1063 587 sui
1079 555 1346 598 ethimologiam,
1363 562 1431 588 tam
1447 556 1671 597 presentibus,
1695 568 1794 600 quam
1813 559 1935 591 futuris

113 605 214 638 huius
248 605 445 638 monasterii
476 604 647 638 fra'tribus
677 606 837 648 impetret
867 618 887 638 a
918 608 1066 640 Domino
1097 608 1167 640 suis
1197 608 1410 640 orationibus
1440 610 1664 641 constantiam
1698 610 1730 641 in
1758 611 1930 644 cotidiano

114 657 234 690 labore
257 658 463 696 certaminis,
488 658 682 701 tribuatque
705 659 927 692 stabilitatem
952 661 987 692 in
1013 661 1111 693 bonis
1133 661 1292 698 moribus,
1316 666 1351 693 ut
1375 672 1436 703 per
1460 662 1524 694 hec
1557 662 1691 704 aliaque
1716 673 1822 704 opera
1846 665 1933 696 cari-

112 711 191 744 tatis
214 717 248 744 et
270 711 507 744 misericordie
530 712 575 744 ad
597 711 734 744 beatam
758 718 793 744 et
824 718 976 746 eternam
1005 714 1160 756 gloriam,
1191 712 1250 746 ubi
1271 714 1345 755 ipse
1376 724 1453 746 curn
1478 714 1551 746 Deo
1587 722 1718 758 regnat,
1753 718 1933 758 pervenire

112 774 314 803 mereamur,
335 764 411 806 ipso
441 764 588 797 Domino
619 771 734 797 nostro
764 765 866 797 Ihesu
895 765 1033 799 Christo
1065 766 1226 805 donante,
1259 766 1318 809 qui
1341 777 1418 799 eum
1449 766 1569 800 Patre'
1594 774 1629 800 et
1651 767 1781 810 Spiritu
1806 768 1934 803 Sancto

52 817 90 850 10
113 817 198 850 vivit
220 823 256 850 et
277 823 397 861 regnat
419 817 514 850 Deus
536 818 572 850 in
595 818 714 851 secula
736 818 941 851 seculorum.
986 819 1111 851 Amen.

822 901 911 934 Laus
935 902 997 935 tibi
1021 903 1074 942 sit,
1099 903 1234 936 Christe

755 955 928 994 Quoniam
951 956 1038 989 liber
1063 957 1206 999 explicit
1229 957 1303 990 iste.

114 1095 250 1120 “domini
276 1095 368 1120 nostri
385 1093 446 1119 Iesu
465 1093 576 1120 Christi
595 1092 750 1124 Mcxxm,
769 1095 931 1119 indictione
950 1101 997 1120 ιιι.
1136 1096 1231 1121 Morto
1251 1096 1326 1128 dopo
1346 1097 1430 1128 pochi
1450 1098 1518 1121 mesi
1539 1104 1587 1121 ssn
1607 1095 1763 1127 Costabile,
1783 1098 1809 1122 la
1828 1101 1935 1122 costru·

114 1135 327 1169 “Temporibus
347 1137 438 1161 nostri
459 1136 557 1161 domni
577 1135 726 1166 Wllielmi,
746 1137 888 1169 magnifici
907 1138 996 1167 ducis,
1048 1139 1130 1163 zlone
1149 1138 1193 1162 del
1213 1139 1332 1162 castello
1352 1139 1381 1162 su
1396 1140 1562 1163 continuata
1577 1139 1745 1163 dail‘abbatc
1759 1141 1899 1169 Simeone,
1913 1141 1934 1164 ii

114 1179 127 1192 ‘¹
138 1180 220 1211 atque
240 1179 369 1212 religiosi
381 1179 493 1203 abbatis
507 1179 598 1202 nostri
614 1177 800 1207 Constabms.
821 1179 931 1204 decimo
951 1180 996 1203 die
1049 1181 1129 1211 quale
1144 1180 1172 1204 lo
1191 1178 1262 1204 doto
1276 1179 1320 1204 del
1336 1181 1420 1212 porto
1434 1181 1460 1204 lu
1481 1180 1626 1210 Tra-versu,
1640 1182 1799 1212 acquistato
1820 1181 1864 1204 nei
1886 1188 1934 1204 no-

113 1221 127 1235 “
138 1223 248 1246 astante
274 1221 377 1246 mensis
405 1221 532 1246 oetubrIs
561 1219 718 1245 Castellum
746 1223 872 1245 nostrum
901 1222 995 1246 sancti
1049 1222 1160 1246 vembre
1175 1228 1242 1252 1¹²4
1255 1221 1291 1246 da
1306 1221 1457 1250 Landolso‚
1476 1224 1558 1246 conte
1573 1222 1602 1246 di
1616 1223 1735 1253 Acerno,
1750 1229 1798 1255 per
1815 1228 1844 1253 15
1861 1223 1935 1247 soldi

69 1269 84 1296 ς
114 1263 242 1295 “Augen
261 1265 291 1288 in
312 1263 429 1288 Cilento
448 1263 558 1288 firmare
576 1264 708 1296 cepimus.
747 1264 861 1288 Gratias
888 1264 948 1288 Deo
968 1266 995 1288 et
1049 1264 1128 1288 d’oro
1148 1264 1315 1288 salernitani
1341 1263 1388 1293 (A.
1408 1263 1450 1294 C.‚
1468 1263 1541 1295 XXI,
1566 1271 1593 1289 n.
1616 1265 1683 1295 ¹¹3)·
1720 1264 1765 1289 Cf.
1785 1264 1935 1289 Vani-nn-

112 1304 213 1330 “beate
233 1305 322 1330 Marie
339 1313 448 1338 semper
469 1306 600 1337 virginis,
620 1305 703 1329 beato
724 1306 859 1330 Michaen
881 1306 996 1330 archan·
1049 1312 1128 1334 om,
1146 1310 1186 1337 op.
1206 1307 1266 1336 cim
1286 1306 1461 1335 Mazzio'rri,
1481 1311 1521 1337 op.
1541 1307 1594 1337 cit..
1614 1315 1627 1331 e
1647 1306 1746 1331 Vozrs
1766 1307 1808 1336 (j.v
1828 1308 1935 1331 A'otin'e

113 1347 200 1380 “gelo
217 1350 244 1372 et
263 1348 393 1372 omnibus
412 1348 518 1372 sanctis
537 1347 605 1372 eius.
642 1347 731 1372 Amen
743 1365 756 1379 „
778 1348 821 1380 (C.
841 1349 877 1372 D.
899 1349 938 1378 C.,
964 1347 996 1378 V,
1048 1348 1162 1372 ston'clie
1181 1348 1227 1371 del
1246 1347 1359 1378 Cilento,
1378 1346 1477 1377 Roma,
1499 1347 1575 1372 1888,

111 1390 185 1422 App.
205 1397 231 1423 p.
252 1389 305 1422 4¹)-

1966 1145 1997 1163 io

1966 1358 1994 1383 ¹5

2018 624 2037 640 t,
2053 621 2099 642 jot

2002 777 2076 800 Μυι..
2092 779 2129 802 ²³⁶
