2300 3554
98 1188 116 1220 5

241 735 424 767 Hrs‘ronm
448 740 753 765 CONSECRATIONJS
777 739 883 762 samu
909 738 1130 761 moNAs‘rEau
1156 729 1424 761 Smcrxssmms
1447 728 1666 760 Tamrrxris
1689 729 1866 759 CAvausis

390 814 617 838 sousmm‘rsn
641 813 786 836 FACTAE
809 813 832 834 Α
857 811 1000 834 BEATAE
1023 810 1217 833 nmmonmn
1240 801 1398 832 UnssAno
1423 801 1524 832 PAPA
1549 798 1715 832 Sacunno

603 883 700 907 ANNO
725 882 852 906 nomm
878 871 1015 905 MXCII
1041 881 1101 903 ma
1124 880 1265 909 QUINTA
1289 881 1516 902 ssPTsMssaxs.

229 1135 331 1168 Anno
355 1145 375 1166 a
397 1133 576 1165 salutifero
603 1131 737 1164 Domini
761 1130 836 1162 Iesu
860 1129 987 1162 Christi
1013 1135 1088 1162 ortu
1119 1127 1682 1170 Millesimononagesimosecundo
1714 1126 1874 1158 Pontifex
1898 1126 1971 1157 Ma-

141 1190 251 1222 ximus
274 1187 470 1230 Christique
493 1185 571 1218 Iesu
595 1184 753 1217 Vicarius
785 1182 1006 1226 praesidebat
1037 1182 1197 1214 Urbanus
1230 1182 1328 1213 huius
1361 1181 1506 1212 nominis
1537 1179 1719 1216 secundus,
1751 1180 1809 1221 qui
1834 1179 1970 1210 natione

142 1241 272 1279 Gallus,
294 1239 511 1283 professione
535 1238 735 1275 monachus,
760 1237 864 1269 Oddo
896 1236 1046 1274 nomine,
1077 1236 1113 1267 in
1143 1234 1363 1268 Cluniacensi
1396 1233 1586 1271 Coenobio,
1620 1231 1716 1264 Beati
1750 1231 1854 1269 Petri,
1880 1232 1971 1263 tertii

143 1294 244 1326 huius
267 1293 365 1326 Sacri
390 1292 591 1324 Monasterii
617 1290 773 1328 Abbatis,
806 1289 994 1331 discipulus
1025 1295 1125 1320 antea
1157 1288 1279 1325 fuerat,
1312 1293 1346 1319 et
1378 1287 1532 1318 eiusdem
1564 1286 1607 1317 ad
1640 1285 1728 1316 idem
1761 1284 1970 1317 Coenobium

143 1345 372 1379 revertentis¹
397 1344 595 1377 individuus
620 1353 745 1382 comes,
770 1349 804 1374 et
828 1343 917 1374 vitae
941 1342 1066 1380 socius,
1091 1342 1203 1373 donec
1228 1351 1247 1371 a
1271 1340 1496 1371 Sanctissimo
1520 1338 1690 1381 Gregorio
1714 1337 1791 1374 VII,
1816 1338 1972 1369 Romano

143 1400 322 1437 Ponfifice,
346 1398 532 1441 primorum
557 1404 690 1440 patrum
714 1397 871 1438 Collegio
895 1396 1077 1438 ascriptus,
1102 1400 1136 1426 et
1167 1393 1336 1426 Ostiensis
1367 1393 1560 1435 Episcopus
1585 1392 1735 1423 effectus
1760 1391 1834 1423 fuit.
1880 1391 1973 1422 Tan-

83 1455 122 1487 10
144 1455 292 1496 demque
315 1458 393 1496 post
416 1451 568 1485 Victoris
591 1451 707 1493 Papae
732 1451 822 1483 tertii
846 1450 976 1482 obitum
1000 1449 1043 1481 ad
1067 1448 1260 1490 Apostolici
1283 1447 1411 1480 ordinis
1436 1447 1572 1478 culmen
1597 1445 1806 1484 sublimatus,
1831 1445 1972 1476 Henrici

147 1506 366 1549 Imperatoris
390 1506 579 1547 potentiam
603 1504 745 1543 veritus,
769 1513 810 1536 eo
835 1503 929 1545 quod
953 1502 1113 1545 Gregorii
1146 1501 1293 1543 Septimi
1324 1499 1605 1532 praedecessoris
1629 1498 1677 1529 sui
1703 1503 1817 1539 partes
1841 1504 1874 1529 et
1898 1505 1974 1529 acta

147 1566 318 1597 tueretur3
343 1569 386 1591 ne
410 1568 547 1601 quoque
572 1558 807 1590 Romanorum
832 1555 1059 1589 seditionibus
1082 1561 1172 1587 esset
1195 1554 1375 1591 obnoxius,
1391 1553 1483 1595 apud
1498 1553 1717 1585 Normannos
1733 1551 1855 1593 potius.
1873 1561 1973 1592 quam

145 1614 289 1652 Romae,
312 1612 434 1644 morari
459 1611 576 1644 voluit.

231 1665 411 1698 Salernum
437 1665 553 1707 itaque
578 1675 596 1696 e
621 1662 872 1696 Serenissimo²
897 1663 993 1695 Duce
1024 1662 1191 1705 Rogerio,
1222 1660 1370 1693 Roberti
1405 1658 1589 1692 Guiscardi
1621 1658 1702 1695 filio,
1731 1668 1862 1689 summo
1895 1668 1973 1689 cum

87 1720 124 1752 15
148 1721 279 1752 honore
304 1720 481 1756 deductus,
497 1718 543 1751 ibi
560 1728 637 1750 cum
662 1728 703 1750 eo
722 1717 968 1759 aliquantulum
992 1722 1043 1748 est
1062 1720 1301 1748 commoratus.
1347 1713 1447 1745 Hanc
1464 1718 1577 1744 autem
1601 1712 1819 1744 occasionem
1843 1716 1975 1749 nactus,

82 1987 124 2020 20

83 2252 124 2285 25

93 2957 124 2976 10

149 1784 216 1816 qua
240 1779 272 1806 et
295 1783 377 1805 suae
399 1772 506 1814 ipsius
530 1771 704 1804 devotioni
728 1771 957 1807 satisfaceret,
980 1776 1015 1802 et
1038 1768 1254 1802 dilectissimi
1278 1766 1436 1810 Magistri
1460 1766 1512 1798 sui
1542 1765 1638 1797 Petri
1670 1770 1786 1796 votum
1811 1763 1975 1806 expleret,

147 1827 340 1860 Cavensem
364 1825 548 1857 Basilicam
571 1824 724 1866 propriis
748 1823 915 1860 manibus,
938 1822 1119 1855 Pontificia
1144 1821 1375 1859 caeremonia,
1400 1829 1606 1852 consecrare
1631 1818 1811 1859 disposuit.

233 1879 387 1922 Cumque
411 1879 456 1911 ad
478 1877 726 1920 perficiendum
751 1888 836 1918 opus
858 1876 1023 1909 solemnis
1044 1885 1181 1917 pompa,
1205 1885 1293 1917 quae
1318 1879 1449 1905 tantum
1475 1872 1621 1905 decebat
1643 1871 1857 1908 Pontificem,
1874 1880 1972 1912 para-

147 1939 250 1971 retur,
273 1931 455 1974 Alphanus
479 1932 672 1966 Monachus
695 1930 863 1963 Cavensis
885 1928 1032 1961 Sanctus
1055 1927 1189 1961 Salerni
1215 1927 1522 1968 Archiepiscopus‚
1539 1925 1598 1968 qui
1622 1925 1689 1956 iam
1715 1925 1758 1956 ad
1783 1924 1846 1956 loci
1864 1924 1971 1965 ipsius

150 1985 397 2019 subiectionem
420 1985 532 2017 modis
556 1984 712 2016 omnibus
747 1983 920 2025 aspirabat
933 1982 955 2020 ³,
987 1992 1029 2014 ea
1060 1992 1097 2013 re
1128 1987 1328 2018 commotus,
1361 1990 1475 2011 coram
1507 1977 1649 2010 Summo
1681 1977 1860 2014 Pontifice,
1893 1987 1973 2008 suae

147 2039 316 2072 ecclesiae
339 2038 414 2070 iura
430 2038 534 2069 minui
552 2037 741 2076 clamitans,
765 2042 974 2079 conquestus
997 2040 1059 2067 est.
1105 2035 1169 2067 Cui
1192 2033 1353 2066 Pontifex
1370 2033 1412 2064 de
1429 2031 1615 2065 abundanti
1639 2030 1723 2062 iuris
1739 2029 1971 2062 satisfactione

147 2092 329 2129 concessit,
352 2097 389 2123 ut
413 2091 502 2122 infra
526 2089 699 2133 quendam
722 2095 883 2122 statutum
907 2089 1090 2121 terminum
1115 2087 1266 2120 actiones
1290 2097 1368 2118 suas
1390 2091 1665 2128 prosequeretur.
1712 2082 1774 2114 Ille
1791 2092 1873 2114 vero
1897 2092 1974 2114 cum

149 2145 194 2178 ad
217 2145 392 2178 obtentum
415 2143 599 2177 terminum
624 2143 850 2185 pervenisset,
875 2142 1030 2178 coelitus,
1053 2142 1103 2183 (ut
1126 2141 1218 2172 fama
1242 2139 1306 2181 est)
1332 2139 1492 2177 monitus,
1514 2137 1655 2180 locique
1679 2137 1846 2179 religione
1864 2141 1974 2167 tactus

148 2205 250 2242 atque
274 2197 484 2240 perterritus,
508 2197 678 2229 actionem
696 2197 805 2238 ipsam
831 2196 975 2239 aggredi
998 2194 1173 2226 refutavit.

237 2251 295 2284 Sic
318 2251 434 2295 igitur,
458 2255 654 2292 praestante
678 2250 838 2287 Domino,
862 2247 1071 2281 salernitani
1086 2247 1262 2279 Praesulis
1285 2245 1561 2278 contradictione
1577 2244 1698 2286 sopita,
1721 2242 1766 2274 ad
1789 2242 1975 2274 solemnem

149 2303 312 2337 Cavensis
343 2303 513 2336 Basilicae
545 2302 800 2335 dedicationem
829 2301 994 2334 Pontifex
1024 2299 1185 2332 Urbanus
1217 2299 1423 2342 accingitur.
1470 2297 1576 2330 Cuius
1606 2297 1656 2328 rei
1688 2302 1836 2339 quantus
1868 2295 1972 2326 fuerit

147 2363 340 2400 apparatus,
363 2366 464 2399 quarn
489 2354 638 2388 celebris
662 2366 798 2397 pompa,
824 2360 972 2397 quantus
995 2354 1149 2395 undique
1174 2353 1351 2385 confluxus
1381 2351 1544 2394 gentium,
1576 2350 1694 2392 lingua
1724 2347 1869 2391 exprimi
1902 2358 1969 2379 non

147 2416 270 2452 potest.
317 2410 406 2442 Nam
429 2415 568 2451 praeter
590 2409 684 2441 illum
701 2418 920 2440 numerosum
937 2407 1137 2439 Antistitum
1155 2404 1330 2443 Senatum,
1346 2405 1558 2446 aliorumque
1576 2402 1812 2435 Ecclesiastici
1836 2400 1977 2433 Ordinis

148 2469 294 2502 coetum,
308 2468 443 2504 praeter
455 2462 668 2494 innumeram
681 2461 882 2503 Principum
898 2470 940 2492 ac
952 2461 1098 2497 Ducum,
1115 2459 1441 2500 Catholicorumque
1459 2461 1655 2500 magnatum
1672 2455 1817 2492 turbam,
1831 2453 1977 2485 maxima

237 2573 246 2590 ¹
264 2573 390 2599 Secondo
404 2574 426 2599 11
444 2574 577 2607 biografo
597 2572 649 2606 piiz
678 2575 788 2598 recente
813 2574 840 2597 di
861 2573 977 2598 Urbano
996 2572 1036 2601 11.
1178 2569 1189 2586 ²
1208 2570 1316 2599 Questo
1337 2570 1425 2594 titolo
1446 2570 1474 2593 di
1500 2568 1675 2594 serenissimo
1699 2566 1822 2591 tradisce
1842 2566 1868 2589 la
1895 2565 1976 2589 tarda

148 2616 270 2641 Rumor
290 2617 412 2647 Lucum,
439 2617 477 2642 Un
493 2616 716 2649 papesranfais,
735 2615 825 2643 Paris,
847 2622 922 2647 1903,
942 2623 999 2639 non
1014 2615 1039 2639 si
1095 2614 1306 2646 compilazione
1325 2613 1400 2637 della
1424 2612 1559 2636 Historia.

151 2657 207 2691 pub
225 2660 387 2683 ammettere
407 2659 457 2683 che
475 2659 531 2690 egli
559 2659 601 2683 sis
624 2660 738 2682 tornato
759 2666 774 2682 a
793 2657 872 2682 Cava
897 2665 949 2681 con
970 2657 1036 2681 l'ab-
1180 2654 1192 2671 ³
1211 2655 1269 2680 Che
1289 2656 1317 2679 vi
1338 2655 1420 2679 siano
1440 2654 1512 2677 state
1531 2652 1677 2684 questioni
1702 2654 1745 2675 tra
1772 2650 1977 2673 l'arcivescovo

148 2700 213 2724 bate
232 2708 282 2725 san
301 2700 407 2731 Pietro,
426 2698 526 2732 perche
544 2701 589 2724 nel
611 2700 737 2724 sebbraio
758 2699 835 2732 1078,
849 2707 926 2723 come
945 2699 1040 2731 priore
1094 2697 1203 2721 Alfano
1218 2697 1243 2721 II
1253 2705 1267 2721 e
1282 2698 1308 2721 la
1322 2697 1410 2720 Badia
1424 2697 1451 2720 di
1467 2694 1546 2719 Cava
1560 2695 1635 2718 circa
1646 2694 1674 2718 ls.
1688 2693 1893 2723 giurisdizione
1906 2691 1929 2713 si
1942 2690 1977 2712 ha

149 2742 178 2766 dl
199 2741 303 2773 Cluny,
323 2742 530 2766 sottoscriveva
551 2741 594 2766 dei
615 2741 779 2765 documenti
801 2742 828 2764 di
849 2741 1039 2764 amministra-
1093 2746 1161 2771 pure
1182 2739 1257 2762 dalle
1276 2739 1328 2762 due
1348 2737 1425 2761 bolle
1439 2737 1483 2760 del
1499 2735 1515 2759 6
1528 2737 1627 2767 agusto
1645 2733 1719 2766 1098,
1735 2734 1799 2757 date
1812 2733 1847 2757 da
1861 2731 1978 2755 Urbano

149 2785 231 2809 zione
251 2785 288 2815 (v.
307 2787 347 2814 op.
367 2785 422 2813 cit„
435 2792 461 2816 p.
481 2785 535 2814 22).
571 2781 639 2808 Sara
654 2785 728 2807 stato
743 2783 886 2806 chiamato
904 2783 949 2806 dal
965 2788 1038 2813 papa
1093 2781 1328 2804 all‘arcivescovo
1343 2779 1382 2810 (v.
1396 2779 1488 2805 Kmm,
1502 2782 1543 2808 op.
1557 2777 1611 2805 cit„
1625 2783 1651 2808 p.
1666 2782 1715 2808 355
1729 2782 1744 2799 e
1758 2774 1829 2807 356),
1844 2781 1886 2797 ma
1900 2780 1978 2796 come

151 2826 293 2857 Gregorio
313 2825 364 2849 VII
385 2825 463 2857 dopo
483 2825 510 2849 la
531 2827 621 2849 morte
647 2824 691 2848 del
714 2831 835 2848 vescovo
861 2823 989 2848 Gerardo
1009 2822 1039 2846 di
1093 2825 1116 2846 si
1132 2824 1212 2855 legge
1233 2824 1262 2846 in
1283 2825 1380 2854 questa
1401 2822 1490 2844 storia
1511 2827 1567 2843 non
1588 2819 1654 2843 ebbe
1675 2823 1865 2848 ronseguenze
1879 2816 1906 2839 la
1920 2816 1978 2842 lite,

150 2866 232 2892 Ostia
252 2869 395 2891 avvenuta
409 2867 454 2891 nel
477 2872 553 2899 1077,
574 2873 588 2890 e
606 2867 709 2898 giunto
725 2867 752 2889 in
767 2866 851 2890 Italia
870 2872 960 2889 venne
974 2872 1039 2897 pro·
1092 2872 1107 2888 e
1126 2865 1137 2888 1
1155 2865 1291 2897 privilegi
1313 2864 1426 2887 cavensi
1454 2870 1510 2885 non
1540 2862 1642 2885 furono
1669 2859 1812 2883 intaccati.
1849 2857 1881 2880 V.
1908 2864 1933 2880 n.
1955 2862 1978 2884 2.

149 2910 321 2934 babilmente
339 2917 356 2934 a
375 2909 454 2934 Cava
472 2917 488 2933 a
507 2910 673 2933 trattenersl
693 2915 746 2932 eon
767 2908 888 2932 l'abbate
907 2915 957 2931 san
978 2908 1038 2931 Pie·
1092 2914 1118 2938 p.
1139 2913 1181 2930 20.
1217 2907 1282 2930 Non
1304 2906 1404 2929 risulta
1424 2905 1459 2928 da
1478 2904 1561 2928 alcun
1585 2903 1754 2926 documento
1768 2901 1817 2924 che
1830 2900 1939 2923 Alfano
1953 2898 1979 2921 11
2007 2906 2040 2923 20

150 2953 206 2980 tro,
226 2953 300 2976 onde
318 2952 347 2976 la
365 2954 497 2976 costante
515 2951 675 2975 tradizione
695 2951 739 2975 del
760 2950 918 2982 soggiorno
938 2951 967 2974 <li
987 2949 1039 2973 Ur-
1092 2949 1167 2972 fosse
1187 2955 1305 2972 monaco
1325 2947 1355 2970 di
1376 2946 1462 2970 Cava.

153 2994 227 3019 bano
245 2993 272 3018 n
292 3002 307 3019 a
323 2992 410 3023 Cava,
429 3001 507 3018 come
525 3000 653 3018 monaco.

2039 735 2092 753 mnu
2108 751 2110 756 ,
2129 739 2163 757 ¹37
