2280 3476
154 677 173 690 c.
188 677 234 695 ²5¹1

131 1046 206 1069 Mun..
221 1052 258 1070 227

155 1109 174 1124 c.
189 1106 237 1123 κόν

151 1529 169 1544 3.
187 1526 237 1542 ’6¹‘

570 171 732 208 VITAE
760 172 1024 211 QUATUOR
1054 171 1293 207 PRIORUM
1321 171 1577 208 ABBATUM
1607 170 1918 207 CAVENSIUM

338 302 646 344 litaffis'exemplo
679 303 932 345 dampnaretur,
956 303 1012 345 qui
1041 302 1121 335 dum
1145 313 1181 334 se
1203 303 1352 335 inaniter
1376 302 1552 341 extollunt,
1583 301 1756 335 indebitos
1779 302 1841 335 sibi
1865 307 1981 334 sancte
2005 302 2154 334 ecclesie

330 354 481 386 honores
504 366 668 397 usurpare
693 366 761 387 non
784 362 949 388 metuunt.

418 407 527 439 Multa
549 415 626 440 sunt
649 415 807 450 preterea
830 419 896 451 que
921 408 965 440 de
990 409 1055 440 hoc
1080 409 1270 440 venerabili
1294 414 1391 451 patre
1407 409 1600 440 monasterii
1618 419 1716 440 senes
1731 419 1871 440 narrare
1895 413 2154 445 consueverant,

333 462 394 492 sed
418 461 499 491 mihi
522 461 565 492 de
591 461 655 499 his,
679 473 745 504 que
768 462 876 493 relata
898 468 986 500 sunt,
1010 462 1074 493 hec
1098 462 1253 493 retulisse
1277 461 1430 493 sufficiat.
1476 461 1524 493 Ut
1547 467 1659 493 autem
1683 461 1727 492 ad
1750 461 1822 492 eius
1853 461 1992 492 felicem
2022 461 2150 492 exitum

330 512 515 551 veniamus,
540 513 661 545 eodem
686 525 787 553 anno,
809 524 877 556 quo
902 515 945 545 de
969 514 1037 546 hoc
1060 515 1187 546 mundo
1211 520 1284 547 erat
1307 515 1525 555 profecturus
1547 514 1592 546 ad
1609 514 1803 550 Dominum,
1827 513 1998 545 Iohannes
2013 513 2056 544 de
2073 513 2154 544 Dia—

330 577 375 597 no
390 565 411 603 ¹,
433 566 504 597 eius
528 566 759 608 cappellanus,
783 566 978 599 huiusmodi
1000 566 1168 599 visionem
1193 567 1288 598 vidit.
1332 566 1486 599 Videbat
1501 567 1681 608 siquidem,
1698 566 1776 608 quia
1793 567 1836 598 de
1852 566 1930 598 loco
1946 577 2007 598 suo
2023 571 2156 597 montes

329 624 400 650 tres
422 619 559 650 maximi
582 619 818 657 movebantur,
842 621 899 662 qui
924 626 1017 652 motu
1040 630 1101 652 suo
1124 630 1191 652 non
1216 630 1357 661 parvam
1380 621 1508 652 mundo
1533 619 1745 651 collisionem
1769 619 1998 655 minabantur,
2027 629 2048 650 a
2070 629 2153 661 quo-

327 682 403 703 rum
426 678 519 704 motu
543 673 674 704 clamor
695 678 810 704 tantus
833 672 946 711 fiebat,
970 683 1011 705 ac
1035 673 1063 704 si
1087 674 1233 704 mundus
1250 673 1380 705 destrui
1396 673 1580 705 videretur.
1618 672 1772 714 Cumque
1785 674 1793 687 '
1810 678 1844 704 et
1859 672 1933 714 ipse
1950 672 2071 703 eodem
2087 677 2154 703 ter-

330 734 407 756 rore
431 725 616 766 conpulsus
638 725 683 757 ad
706 725 889 757 ecclesiam
913 726 1017 757 vellet
1040 726 1174 769 fugere,
1200 732 1234 757 et
1256 725 1339 767 quid
1363 732 1460 763 esset,
1491 725 1585 767 quod
1609 724 1758 761 videbat,
1790 725 1977 767 inquirere,
2012 723 2155 761 audivit,

329 778 409 819 quia
432 777 484 808 illi
508 783 641 810 montes
664 784 734 810 tres
756 777 1001 810 Cluniacenses
1024 779 1165 811 abbates
1189 785 1312 816 essent,
1336 778 1503 810 videlicet
1525 784 1662 811 sanctus
1679 778 1780 810 Oddo
1798 784 1831 809 et
1847 783 1983 809 sanctus
2005 776 2154 808 Maiolus

329 836 364 862 et
386 837 523 862 sanctus
546 831 684 868 Oddilo‚
708 831 776 873 qui,
802 832 961 863 domnum
987 832 1124 863 Petrum
1150 831 1308 863 abbatem
1333 837 1369 863 ut
1398 842 1514 863 secum
1542 831 1712 868 tollerent,
1745 831 1928 862 venissent.
1980 830 2052 861 Sed
2075 840 2154 861 cum

331 890 477 925 tempus,
501 894 568 926 quo
592 883 765 915 tollendus
789 891 872 921 erat,
895 885 1096 927 inquireret,
1119 885 1199 916 item
1223 884 1367 921 audivit,
1392 884 1471 927 quia
1488 885 1580 916 iuxta
1601 884 1767 926 principis
1782 883 2013 925 apostolorum
2029 883 2153 914 festum

329 936 496 974 venirent,
521 944 554 968 et
577 947 653 968 eum
679 938 722 968 de
746 939 953 969 monasterio
977 938 1147 969 tollerent.
1193 938 1372 981 Evigilans
1395 943 1506 968 autem
1531 938 1639 969 frater
1660 937 1718 969 ille
1743 938 1786 968 de
1810 935 1943 968 abbatis
1967 936 2018 967 sui
2040 935 2156 967 vicino

329 989 427 1021 obitu
452 990 554 1022 nimis
578 991 774 1022 contristari
798 991 900 1032 cepit.
949 990 1053 1027 Quod
1076 997 1190 1022 tamen
1216 1001 1283 1022 non
1308 1001 1350 1022 eo
1374 991 1463 1022 festo
1486 990 1624 1028 accidit,
1649 1001 1717 1031 quo
1741 990 1892 1032 putabat.
1937 988 2026 1020 Nam
2056 993 2155 1029 pater

326 1049 466 1074 sanctus
490 1043 639 1074 vicinum
664 1044 898 1085 apostolorum
923 1044 1047 1076 festum
1071 1044 1220 1076 vivendo
1243 1044 1386 1080 transiit,
1403 1042 1465 1075 sed
1488 1044 1582 1074 circa
1606 1042 1749 1080 fe'stum,
1765 1042 1858 1085 quod
1874 1041 2047 1074 Cathedra
2062 1040 2153 1072 beati

329 1096 423 1128 Petri
446 1097 592 1137 apostoli
616 1095 770 1136 dicitur²,
796 1097 839 1128 ad
863 1096 990 1139 gaudia
1013 1103 1131 1128 eterna
1155 1096 1325 1139 migravit.
1372 1096 1491 1128 Obiit³
1516 1095 1617 1139 ergo'
1649 1105 1753 1127 senex
1775 1094 1981 1127 venerabilis
2004 1099 2154 1125 maturus

330 1159 395 1180 evo
406 1149 428 1186 ⁴,
452 1150 514 1181 sed
537 1149 709 1191 probitate
734 1150 905 1183 maturior.
953 1150 1183 1192 Sepultusque
1210 1156 1260 1182 est
1282 1151 1317 1181 in
1341 1150 1517 1191 spelunca,
1549 1160 1615 1192 que
1640 1150 1682 1181 de
1714 1149 1800 1180 cella
1822 1148 2014 1180 venerandi
2046 1146 2155 1188 patris

328 1202 454 1233 Alferii
478 1202 513 1233 in
538 1202 721 1234 oratorium
750 1203 843 1234 beati
865 1203 1073 1235 Michahelis
1096 1203 1296 1245 archangeli
1319 1208 1447 1234 mutata
1461 1206 1471 1222 ⁵
1495 1208 1556 1234 est.
1602 1201 1640 1233 In
1665 1213 1732 1244 quo
1748 1201 1838 1239 loco,
1855 1211 1920 1243 que
1936 1199 2067 1232 meritis
2082 1199 2156 1231 eius

328 1255 523 1287 reverentia
546 1255 710 1287 debeatur
733 1256 848 1297 sepius
872 1257 1129 1288 demonstravit.

415 1308 557 1350 Sergius
575 1319 722 1350 nanque,
745 1309 933 1341 monachus
956 1315 989 1340 et
1012 1310 1207 1341 monasterii
1231 1309 1394 1340 armarius
1407 1308 1430 1347 ⁶,
1455 1318 1517 1350 pro
1533 1308 1762 1351 neglegentiis
1785 1307 1852 1339 suis
1866 1317 1947 1349 sepe
1965 1317 1985 1338 a
2000 1306 2074 1338 viro
2090 1305 2155 1337 Dei

326 1368 467 1404 argutus
491 1361 614 1392 fuerat.
662 1362 822 1399 Quadam
847 1372 928 1393 vero
952 1362 1008 1393 die
1033 1363 1182 1406 maligno
1205 1362 1326 1403 spiritu
1349 1362 1545 1403 instigante,
1569 1372 1646 1394 cum
1669 1371 1738 1392 non
1760 1371 1821 1392 sua
1843 1360 1976 1397 merita,
2000 1359 2062 1391 sed
2078 1368 2154 1390 cor-

326 1414 491 1456 reptionis
515 1425 575 1445 sue
596 1414 857 1446 amaritudinem
882 1421 1099 1453 memoraret,
1131 1421 1253 1447 contra
1277 1415 1339 1446 viri
1364 1415 1428 1446 Dei
1452 1414 1673 1456 sepulchrum
1697 1414 1826 1455 expuit,
1849 1419 1883 1444 et
1907 1423 2007 1455 quern
2031 1413 2156 1443 fratres

326 1467 528 1498 monasterii
553 1468 649 1509 quasi
672 1467 844 1499 viventem
869 1468 987 1510 pronis
1011 1468 1206 1499 cervicibus
1229 1469 1263 1499 in
1288 1468 1410 1499 eodem
1425 1468 1502 1499 loco
1519 1468 1667 1498 salutare
1691 1472 1951 1502 consueverant,
1977 1464 2153 1496 iudeorum

329 1530 427 1550 more
451 1530 644 1561 conspuere
669 1530 736 1552 non
760 1521 928 1562 expavit.'
972 1521 1049 1552 Mos
1073 1527 1184 1553 autem
1209 1532 1286 1553 cum
1310 1521 1449 1561 ad(huc)
1473 1520 1606 1552 viveret
1630 1520 1693 1551 viri
1710 1519 1916 1551 venerabilis
1933 1518 2009 1555 fuit,
2025 1523 2062 1549 ut
2079 1516 2156 1548 sub-

325 1572 478 1604 ditorum
503 1573 621 1614 culpas
647 1574 795 1615 puniret,
827 1583 870 1605 ne
901 1574 1014 1606 future
1047 1574 1204 1606 vindicte
1233 1584 1292 1605 eos
1323 1574 1538 1617 neglegendo
1569 1579 1733 1604 servaret.
1780 1571 2046 1604 Consuetudinis
2070 1580 2153 1612 ergo

324 1635 386 1656 sue
411 1625 615 1668 dignitatem
639 1633 716 1667 post
740 1632 882 1657 mortem
908 1627 1010 1657 etiam
1027 1636 1176 1663 servans,
1194 1627 1351 1658 eumdem
1375 1625 1579 1658 monachum
1597 1625 1751 1668 graviter
1766 1624 1944 1666 percussit.
1989 1623 2078 1655 Nam
2095 1623 2155 1654 ubi

324 1684 449 1709 -contra
471 1680 690 1720 sepulchrum
714 1679 845 1721 expuit,
870 1680 978 1711 facies
1002 1680 1075 1711 eius
1099 1680 1268 1716 intumuit,
1293 1685 1327 1710 et
1349 1689 1387 1711 os
1410 1680 1456 1711 ita
1479 1678 1588 1715 torsit,
1612 1685 1648 1710 ut
1672 1678 1706 1709 in
1722 1678 1863 1709 maxilla
1886 1676 2087 1718 dispositum
2112 1686 2155 1706 ex

296 1738 301 1741 “
326 1732 433 1763 latere
456 1732 640 1764 videretur.
686 1732 873 1764 Percussus
895 1732 1010 1775 itaque
1034 1739 1115 1765 tunc
1139 1733 1282 1774 primum
1308 1742 1516 1775 cognoscere
1543 1732 1677 1764 abbatis
1693 1732 1744 1763 sui
1762 1730 2032 1773 magnitudinem
2050 1729 2152 1769 cepit,

267 2361 297 2378 10

263 2782 296 2798 20

329 1794 406 1815 cum
430 1795 517 1822 eum,
542 1787 599 1827 qui
624 1786 720 1827 quasi
744 1791 880 1817 mortuo
904 1785 1136 1827 exprobravit,
1160 1787 1276 1817 vivere
1300 1786 1419 1817 melius
1444 1791 1520 1827 post
1544 1790 1699 1822 mortem,
1716 1790 1749 1816 et
1774 1784 1952 1826 dignitatis
1975 1793 2033 1813 sue
2056 1781 2153 1824 vigo-

328 1848 399 1869 rem
423 1844 538 1870 tenere
562 1838 670 1869 alcius
694 1839 828 1870 didicit.
876 1838 958 1876 Sed,
982 1849 1059 1870 cum
1084 1840 1217 1882 magnis
1240 1839 1416 1871 doloribus
1439 1839 1591 1881 ingratus
1622 1837 1775 1879 paternis
1805 1836 1987 1869 beneficiis
2017 1841 2152 1877 torque-

1264 1978 1369 2002 “Obiit
1390 1978 1487 2002 Petrus
1513 1978 1599 2001 abbas
1625 1978 1788 2007 CavensiS„
1817 1981 1853 2004 (V.
1880 1976 2031 2004 Gur-um..
2056 1976 2151 1999 Acces-

1267 2021 1360 2049 siones,
1381 2024 1421 2050 ap.
1441 2021 1494 2050 cst..
1516 2021 1548 2047 11.
1570 2028 1594 2051 p.
1615 2018 1690 2051 4So);
1713 2020 1826 2043 Kalend.
1846 2020 1874 2042 in
1897 2025 1945 2041 ms.
1965 2016 2034 2041 Cav.
2057 2025 2082 2040 n.
2105 2024 2149 2049 19:

417 1976 422 1990 ¹
443 1978 590 2002 Giovanni
612 1978 639 2001 di
661 1979 757 2002 Diano
777 1979 947 2011 (Teggiano)
968 1979 991 2003 si
1014 1981 1145 2003 incontra
1160 1976 1208 2010 piir

329 2020 406 2043 volte
436 2022 479 2043 nei
511 2021 688 2044 documenti:
711 2022 755 2045 nel
780 2022 852 2050 1126.
879 2023 1034 2047 settembre.
1063 2029 1211 2054 accompa-

326 2062 441 2093 gnando
462 2063 582 2086 l'abbate
601 2063 742 2092 Siineonc,
762 2065 932 2087 sottoscrive
953 2065 1009 2088 alla
1030 2066 1212 2087 concessione

327 2106 354 2127 di
376 2105 469 2128 alcuni
492 2105 637 2135 privilegi,
666 2106 714 2128 elic
743 2106 864 2129 l’nbbate
894 2106 921 2130 fa
950 2107 1006 2137 agli
1038 2107 1160 2129 abitanti
1183 2107 1211 2129 di

326 2146 352 2169 S.
373 2147 467 2169 Pietro
488 2147 514 2170 di
536 2146 653 2170 Olivola
673 2155 769 2179 presso
790 2148 816 2171 S.
839 2149 929 2179 Agnta
945 2149 974 2171 di
988 2148 1090 2179 Puglia
1111 2149 1156 2179 (A.
1171 2147 1212 2174 C..

327 2187 414 2216 XXII,
435 2196 461 2211 n.
481 2195 522 2219 24.
562 2189 592 2211 V.
614 2189 750 2213 MARTINx
770 2190 816 2217 M..
839 2190 981 2213 lr'eudalz'tiz
1009 2199 1021 2212 e*
1042 2191 1212 2214 monachismo

325 2238 436 2253 cavense
456 2231 482 2253 in
502 2231 612 2261 l‘uglia,
634 2231 662 2254 in
679 2231 702 2253 λ
716 2232 826 2261 pnlia,
844 2239 918 2262 1915,
933 2240 958 2263 p.
974 2233 1089 2261 51);nel
1113 2239 1179 2263 1130
1198 2231 1212 2255 ὸ

327 2279 394 2303 pure
414 2279 466 2295 con
489 2272 610 2296 l'abbate
630 2280 644 2296 a
666 2273 794 2303 Brienza,
812 2273 925 2303 qnando
946 2273 1058 2300 Enrico.
1079 2278 1161 2297 conte
1182 2274 1211 2297 di

325 2314 470 2344 Saponara
491 2322 504 2337 e
528 2314 653 2343 Brienza.
674 2316 759 2337 esinie
781 2315 822 2346 gli
848 2316 973 2338 abitanti
1000 2315 1043 2338 del
1071 2316 1161 2339 casale
1182 2316 1210 2339 di

322 2355 351 2379 S.
362 2355 458 2379 Pietro
473 2357 499 2379 di
516 2356 597 2379 Polla
608 2358 642 2380 da
653 2358 719 2387 ogni
737 2358 847 2381 tributo
861 2357 907 2386 (A.
920 2357 949 2380 C.
966 2358 1007 2384 C..
1024 2357 1063 2389 1):
1078 2358 1120 2380 nel
1137 2364 1211 2389 1133.

323 2399 483 2426 settembre,
503 2398 604 2422 assiste
624 2398 745 2421 l'abbate
773 2399 801 2421 in
823 2406 878 2422 una
905 2399 1022 2422 vendita
1049 2399 1076 2422 di
1103 2402 1175 2422 terre
1195 2407 1210 2423 a

324 2440 351 2463 δ.
372 2440 530 2471 Arcangelo
551 2440 592 2464 del
615 2439 734 2464 Cilento
755 2439 800 2471 (A.
816 2440 847 2464 C.
864 2440 906 2469 A..
922 2441 1021 2471 XXIII,
1038 2448 1063 2464 n.
1078 2440 1122 2472 46)
1136 2450 1149 2464 c
1165 2442 1209 2465 nel

326 2482 438 2513 maggio
458 2484 637 2513 susseguente
658 2490 671 2506 a
693 2490 747 2506 una
769 2483 883 2506 vendita
904 2483 974 2506 satta
990 2484 1034 2507 dal
1050 2486 1210 2507 monastero

324 2530 340 2547 a
360 2523 506 2547 Giovanni
528 2526 560 2547 de
580 2525 687 2548 Monica
702 2525 731 2548 di
747 2524 823 2548 Cava.
842 2523 888 2555 (A.
903 2525 944 2554 C..
964 2524 1063 2553 xxm.
1083 2525 1137 2555 66).
1158 2526 1207 2549 Nel

327 2573 401 2597 1140,
422 2574 528 2599 sempre
548 2574 627 2591 come
645 2567 814 2599 cappellano
834 2567 1010 2598 dell’abbate,
1035 2566 1070 2591 da
1095 2569 1122 2591 in
1143 2568 1208 2591 enfi-

324 2609 397 2632 teusi
418 2616 472 2632 una
493 2610 565 2633 terra
583 2608 628 2639 (A.
650 2610 690 2640 C.‚
711 2609 809 2639 XXIV,
831 2617 855 2633 n.
880 2609 947 2640 102).

413 2648 423 2664 ²
442 2651 480 2674 Ai
501 2657 531 2674 22
555 2652 689 2681 febbraio,
712 2652 834 2676 secondo
854 2651 972 2675 l’antico
994 2659 1052 2679 uso.
1076 2652 1145 2676 festa
1160 2653 1207 2683 poi

324 2692 474 2724 sdoppiata
494 2693 520 2716 al
544 2692 575 2716 18
594 2694 717 2725 germaio
737 2701 786 2726 per
805 2694 831 2717 la
852 2692 987 2717 Cattedra
1008 2702 1021 2717 a
1043 2694 1139 2723 Roma.
1154 2702 1167 2716 e
1181 2694 1207 2717 al

326 2734 453 2757 febbraio
474 2741 521 2766 per
541 2735 567 2758 la
589 2734 723 2759 Cattedra
745 2735 773 2759 in
795 2736 962 2759 Antiochia.

412 2775 422 2790 3
449 2777 507 2807 114
528 2785 622 2801 marzo
656 2784 729 2808 1123.
759 2779 878 2802 Annales
911 2778 1056 2802 Cavenses:
1089 2778 1208 2802 “Abbas

326 2818 521 2842 “venerabilis
542 2819 640 2843 Petrus
660 2822 839 2844 constructor
860 2822 941 2851 atque
960 2820 1111 2844 institutor
1125 2820 1208 2844 huius

324 2861 511 2884 “monasterii
542 2865 636 2885 sancte
665 2862 820 2885 TrInitatis
844 2870 904 2886 eum
924 2869 957 2886 eo
986 2862 1148 2894 perenniter
1169 2869 1207 2885 rc-

326 2902 337 2914 *‘
348 2903 486 2933 gnaturus
500 2904 637 2934 migravit
651 2904 684 2927 ad
700 2904 854 2927 Dominum
868 2921 880 2933 ‚‚
895 2904 933 2934 (v.
949 2905 978 2929 C.
991 2905 1028 2929 l).
1044 2904 1081 2932 C.‚
1098 2903 1154 2927 vol.
1174 2902 1208 2930 V.

323 2944 396 2976 App.
423 2951 450 2975 p.
479 2945 540 2977 41);
566 2946 674 2969 Necrol.
708 2946 875 2970 Iae'enusinmn:
904 2945 959 2970 “Vl
987 2947 1058 2970 Non.
1085 2945 1207 2977 (Martii)

1269 2064 1280 2074 “
1294 2062 1430 2086 Martius:
1452 2062 1498 2085 IV.
1520 2063 1673 2093 Depositio
1694 2061 1790 2084 domni
1812 2060 1889 2084 Petri
1909 2060 2020 2083 abbatis
2040 2059 2150 2091 primi„

1266 2105 1326 2136 (per
1347 2105 1538 2135 distinguer-lo
1558 2105 1591 2128 da
1612 2104 1708 2127 Pietro
1728 2103 1760 2129 ΙΙ,
1780 2111 1804 2126 a.
1827 2101 1993 2132 1195-1208).

1354 2148 1364 2162 ⁴
1381 2153 1391 2160 *·
1405 2147 1475 2170 Aevi
1493 2148 1617 2170 maturus
1631 2146 1746 2169 Acestes
1758 2163 1782 2175 ,.‚
1796 2145 1917 2168 VERGH..
1930 2144 2050 2169 Aeneia..
2062 2143 2094 2173 V,
2110 2149 2150 2175 73,

1353 2189 1362 2203 ⁴⁵¹
1383 2190 1434 2213 Nel
1454 2190 1594 2213 costrnire
1614 2189 1642 2212 la
1664 2195 1756 2211 nuova
1775 2188 1869 2211 chiesa
1889 2194 1936 2209 san
1952 2187 2049 2210 Pietro
2063 2193 2150 2209 cresse

1265 2234 1292 2256 la
1313 2232 1450 2264 cappella.
1471 2232 1542 2255 dove
1562 2238 1607 2254 era
1632 2230 1784 2261 seppellito
1810 2228 1996 2252 sant’Alferio
2021 2235 2074 2251 con
2101 2235 2149 2251 san

1267 2276 1368 2302 Leone.
1389 2274 1547 2297 ornandoln
1568 2273 1595 2296 di
1617 2280 1671 2296 una
1691 2273 1807 2304 pittura,
1829 2278 1930 2294 ancora
1944 2271 2086 2294 esislente.
2106 2276 2150 2293 ma

1267 2318 1431 2345 restaurata,
1450 2317 1478 2339 in
1501 2316 1545 2338 vui
1566 2316 1588 2338 si
1610 2315 1678 2338 vede
1698 2321 1746 2338 san
1767 2313 1886 2337 michele
1906 2320 1957 2336 con
1979 2314 2004 2336 ai
2026 2312 2078 2336 lati
2098 2312 2150 2336 due

1266 2359 1341 2382 santi
1363 2359 1488 2385 monach
1504 2358 1547 2380 nel
1566 2358 1632 2388 giro
1646 2356 1828 2380 dell'aureola
1842 2357 1864 2378 si
1880 2356 1959 2386 legge
1974 2356 2001 2378 S.
2016 2355 2149 2386 Alserius,

1266 2402 1293 2424 5.
1317 2401 1381 2423 Leo:
1398 2400 1437 2423 ivi
1460 2406 1527 2430 pure
1548 2399 1577 2421 fu
1598 2399 1710 2429 sepolto
1725 2404 1774 2421 san
1788 2396 1883 2420 Pietro
1898 2404 1912 2420 a
1927 2397 2019 2420 destra
2038 2395 2068 2419 di
2088 2403 2148 2419 san-

1266 2442 1401 2466 t’Alserio
1422 2449 1473 2464 con
1496 2440 1589 2464 tomba
1616 2440 1706 2463 molto
1733 2439 1868 2467 modesta,
1895 2439 1968 2462 sulla
1993 2438 2074 2469 quale
2099 2438 2149 2469 poi

1266 2484 1310 2507 nel
1334 2483 1397 2514 1641
1421 2483 1450 2506 su
1470 2483 1581 2506 elevato
1597 2490 1632 2505 un
1649 2481 1792 2504 mausoleo
1806 2489 1857 2504 con
1873 2481 1971 2504 marmi
1987 2480 2149 2512 policromi,

1264 2525 1335 2549 detti
1358 2526 1483 2548 mosaico
1503 2524 1665 2547 florentino.
1705 2523 1757 2546 Nel
1780 2529 1844 2554 1911
1873 2524 1901 2546 tu
1927 2523 2023 2554 aperta
2047 2521 2074 2545 la
2100 2528 2148 2545 sua

1265 2567 1361 2591 tomba
1381 2574 1394 2590 e
1414 2567 1438 2590 si
1456 2568 1614 2590 trovarono
1633 2565 1659 2589 Ie
1678 2571 1744 2589 ossa
1757 2566 1870 2596 coperte
1884 2566 1917 2588 da
1932 2564 2034 2596 drappi
2047 2564 2076 2587 di
2090 2565 2149 2588 seta

1264 2616 1317 2633 con
1347 2609 1454 2640 galloni
1485 2608 1572 2635 d'oro,
1593 2616 1606 2631 e
1626 2607 1690 2631 altri
1722 2607 1884 2631 frammenti
1914 2607 1943 2630 di
1971 2606 2079 2638 drappo
2099 2606 2148 2630 che

1265 2652 1446 2675 sembrarono
1468 2651 1473 2673 i
1496 2650 1596 2682 guanti
1615 2650 1788 2681 episcopali:
1815 2651 1894 2681 poste
1913 2649 1938 2673 le
1958 2656 2021 2673 ossa
2042 2650 2070 2672 in
2091 2655 2148 2672 una

1265 2700 1335 2717 urna
1353 2693 1380 2716 di
1401 2693 1507 2716 bronzo
1527 2692 1637 2719 dorato.
1660 2692 1763 2715 surono
1778 2692 1823 2715 nel
1841 2697 1915 2722 1912,
1929 2697 1942 2714 2
1956 2691 2075 2722 ginguo‚
2091 2690 2146 2714 col-

1264 2736 1355 2759 locate
1375 2736 1452 2758 sotto
1472 2734 1582 2757 l'altare
1603 2735 1746 2765 maggiore
1765 2733 1839 2756 della
1859 2732 1990 2756 Basilica.

1351 2775 1362 2790 ὃ
1382 2777 1524 2801 Armars'us
1546 2776 1618 2800 nelle
1639 2776 1846 2800 Consuetudini
1862 2775 2044 2800 cluniacensi
2065 2782 2110 2798 era
2125 2774 2146 2798 il

1263 2821 1450 2851 capocantore
1470 2819 1513 2842 del
1535 2826 1610 2848 cor0‚
1626 2826 1639 2842 e
1654 2817 1748 2849 percio
1764 2825 1850 2842 aveva
1863 2818 1893 2842 in
1914 2817 2042 2841 custodia
2055 2817 2065 2840 i
2080 2817 2145 2840 libri

1265 2862 1412 2890 necessari,
1434 2862 1463 2885 in
1484 2861 1594 2891 seguito
1613 2861 1654 2893 gli
1678 2861 1779 2884 furono
1792 2859 1901 2883 affidari
1917 2859 2004 2883 anche
2023 2858 2062 2890 gli
2079 2858 2147 2882 altri

1264 2904 1340 2932 libri,
1360 2911 1373 2927 e
1390 2903 1511 2927 divenne
1531 2903 1551 2926 il
1571 2902 1773 2926 bibliotecario
1793 2901 1836 2926 del
1856 2903 2016 2925 monastero
2042 2900 2146 2931 (UnAL-

1263 2951 1332 2975 κιαι,
1353 2949 1392 2976 op.
1412 2945 1473 2974 cita,
1492 2944 1604 2975 ans,
1623 2944 1698 2968 Patr.
1718 2945 1775 2974 lat„
1795 2942 1918 2973 CXLIX,
1938 2943 1991 2967 col.
2004 2942 2076 2974 744).

2181 776 2219 807 10

2181 1039 2218 1072 15

2178 1306 2220 1337 20

2177 1568 2218 1601 25

2175 1835 2217 1866 30

2177 2187 2212 2212 30

2177 2398 2208 2424 35

2175 2607 2209 2631 40

2174 2816 2205 2843 45
