2280 3476
172 367 191 382 c.
204 367 254 386 35r

172 949 191 963 e.
204 949 231 968 55
242 949 255 962 r

141 1103 215 1126 Mun„
229 1107 267 1126 ²35

166 1320 186 1333 Ε·
199 1319 226 1338 55
235 1320 249 1333 ν

171 1744 190 1759 ‘-
204 1743 230 1762 35
239 1744 254 1757 ν

169 2167 188 2181 c.
202 2162 229 2185 36

281 2735 311 2753 10

281 2941 309 2967 Ι5

581 165 743 202 VITAE
770 164 1033 204 QUATUOR
1061 163 1300 200 PRIORUM
1330 162 1589 198 ABBATUM
1621 162 1931 199 CAVENSIUM

349 168 393 201 34

426 298 510 329 Item
532 307 673 329 urceum
696 296 821 328 vitrum
846 295 924 327 vino
947 295 1086 337 plenum
1102 305 1182 336 sepe
1199 300 1233 326 et
1248 294 1362 336 sepius
1379 294 1424 327 de
1440 293 1621 335 sepulchro
1640 294 1712 326 eius
1725 294 1762 325 in
1778 293 2005 335 pavimentum
2022 293 2163 329 cadens,

340 361 404 383 nec
429 351 550 382 vitrum
573 350 719 381 fractum
742 350 825 380 nec'
849 348 964 380 vinum
987 357 1141 389 sparsum
1165 353 1225 379 est.

427 403 503 435 Duo
526 403 664 444 insuper
686 402 786 433 huius
808 400 1003 432 monasterii
1026 400 1221 438 servientes,
1244 410 1321 432 cum
1343 400 1378 431 in
1401 399 1520 442 vigilia
1550 398 1773 431 anniversarii
1789 399 1880 431 beati
1897 399 1962 430 viri
1985 399 2070 430 duas
2083 398 2157 429 lan-

341 455 491 499 guenas¹
515 456 595 487 vino
619 455 739 496 plenas
762 465 781 485 a
805 453 892 490 loco,
916 453 973 496 qui
996 453 1120 485 dicitur
1143 452 1361 484 Traconeia²
1384 463 1447 494 pro
1471 451 1639 484 caritate-‘¹
1662 452 1809 484 fratrum
1833 452 2021 489 deferrent,
2052 451 2159 483 altera

341 519 458 540 earum
481 509 517 540 in
540 514 664 540 terram
688 507 827 545 cecidit,
850 516 915 538 nec
940 506 1111 548 languena
1134 506 1258 543 fracta,
1280 515 1346 537 nec
1369 505 1482 537 vinum
1506 515 1660 546 sparsum
1684 510 1745 536 est.

428 561 636 594 Nullomodo
660 561 760 592 etiam
785 560 1050 601 pretereundum
1074 565 1135 598 est,
1159 559 1251 600 quod
1274 558 1402 590 meritis
1424 558 1627 590 sanctissimi
1651 558 1714 588 viri
1747 568 1852 589 senex
1882 557 2020 599 quidam
2050 557 2158 589 Ursus

342 615 489 653 nomine,
513 614 571 657 qui
596 614 639 646 de
662 624 756 645 more
781 619 815 644 et
839 612 955 644 debito
979 613 1082 644 totius
1105 612 1301 644 monasterii
1324 611 1473 644 officinas
1495 611 1659 643 mundare
1676 616 1913 645 consueverat.
1938 609 1981 641 ad
2005 615 2156 641 montem

342 667 414 705 ivit,
437 673 474 699 ut
497 677 619 708 scopas
641 666 822 703 incideret,
845 665 904 707 qui
927 675 1009 697 casu
1033 665 1076 696 de
1099 665 1247 706 quadam
1277 674 1360 706 rupe
1395 674 1569 700 corruens,
1600 663 1777 695 brachium
1813 663 1885 694 eius
1921 663 2067 694 fractum
2098 668 2158 693 est.

342 720 496 761 Cumque
521 720 642 751 dolore
667 718 796 751 brachii
826 718 963 749 nimium
995 717 1215 754 cruciaretur,
1238 717 1284 749 ad
1306 716 1525 758 sepulchrum
1556 716 1665 748 sancti
1699 715 1762 747 viri
1793 715 1943 753 veniens,
1974 719 2161 756 prostratus

342 773 457 810 iacuit,
481 773 633 804 clamans
656 778 690 803 et
713 771 846 803 dicens:
870 770 973 801 Pater
995 770 1095 802 beate
1119 769 1329 803 Constabilis
1351 775 1386 801 et
1407 769 1558 808 domine,
1571 780 1635 811 pro
1659 768 1772 800 anima
1788 768 1897 810 patris
1920 774 1954 800 et
1969 767 2087 800 matris
2102 773 2159 799 tue

341 825 465 857 adiuva
486 835 540 858 me
550 825 572 864 ⁴,
591 830 625 856 et
650 825 757 856 libera
780 834 833 855 me
856 824 900 855 de
925 823 1079 855 cruciatu
1102 823 1177 855 isto.
1224 823 1294 861 Qui
1317 832 1394 854 cum
1418 822 1519 855 tertio
1550 822 1670 854 eadem
1700 826 1885 863 repeteret,
1916 830 1984 853 non
2008 821 2116 852 solum
2140 831 2160 852 a

341 879 471 916 dolore,
494 889 612 910 verum
638 877 740 909 etiam
763 887 783 907 a
806 876 939 908 brachii
963 876 1132 908 fractione
1157 875 1321 907 liberatus
1344 874 1419 908 est.'

428 932 599 963 Iohannes
622 939 758 972 quoque
792 934 1021 971 cognomento
1051 928 1233 972 Cyrulinus
1266 934 1364 971 gutta
1387 928 1431 960 de
1455 929 1567 970 capite
1591 928 1636 960 ad
1660 928 1795 960 oculum
1826 926 2059 959 descendente
2083 936 2160 957 cum

341 985 540 1028 gravissimo
564 984 775 1016 cruciaretur
798 983 930 1020 dolore,
954 982 1000 1014 ad
1018 982 1236 1024 sepulchrum
1262 982 1333 1012 eius
1356 982 1447 1013 venit
1471 991 1594 1024 rogans
1618 986 1651 1013 et
1673 980 1874 1022 suppliciter
1905 980 2100 1017 obsecrans,
2123 983 2161 1010 ut

341 1043 505 1070 consueta
527 1036 764 1068 misericordia
780 1046 800 1067 a
816 1041 910 1068 tanto
935 1036 1107 1067 cruciatus
1123 1036 1243 1067 dolore
1259 1035 1370 1077 ipsum
1387 1035 1547 1076 eriperet.
1587 1033 1656 1071 Qui
1672 1033 1783 1066 statim
1799 1031 1983 1066 exauditus
1999 1038 2033 1064 et
2048 1031 2159 1074 gutta'

341 1091 438 1123 simul
461 1096 494 1122 et
517 1089 615 1121 dolor
638 1089 789 1121 recessit.

428 1142 577 1181 Quidam
600 1152 737 1184 quoque
761 1142 871 1180 faber,
896 1143 1017 1175 Petrus
1040 1142 1084 1174 de
1108 1141 1198 1173 Mari
1220 1142 1367 1178 nomine,
1391 1151 1468 1172 cum
1493 1140 1593 1172 simili
1617 1140 1737 1172 dolore
1759 1139 1958 1182 gravissime
1981 1144 2161 1180 torquere-

340 1203 405 1236 tur,
428 1197 472 1228 ad
495 1196 715 1237 sepulchrum
741 1195 813 1226 eius
837 1196 940 1234 venit,
965 1201 999 1227 et
1023 1196 1064 1227 de
1089 1195 1237 1237 quodam
1260 1194 1430 1226 foramine
1453 1193 1628 1235 sepulchri
1653 1194 1726 1224 eius
1741 1191 1882 1234 pulvere
1906 1197 2063 1233 accepto,
2079 1201 2161 1222 ocu-

339 1250 405 1281 lum
428 1249 554 1286 fricuit,
579 1254 612 1279 et
635 1247 747 1280 statim
772 1246 937 1279 liberatus
961 1254 1022 1280 est.

429 1301 579 1339 Quidam
596 1301 732 1342 insuper
749 1301 924 1338 diaconus,
941 1301 1126 1332 Dauferius
1142 1300 1291 1337 nomine,
1309 1310 1384 1332 cum
1402 1300 1604 1342 frequenter
1621 1300 1666 1330 ad
1682 1298 1901 1340 sepulchrum
1922 1296 2011 1328 beati
2028 1295 2107 1327 viri'
2125 1306 2160 1327 se

339 1355 529 1397 appodians
552 1354 774 1390 obdormiret,
795 1353 886 1385 idem
911 1359 1048 1385 sanctus
1071 1353 1107 1384 in
1131 1353 1282 1394 sompnis
1305 1352 1465 1394 apparuit
1488 1352 1518 1384 ei
1543 1353 1681 1384 dicens:
1708 1350 1836 1388 Quare,
1854 1350 1973 1386 frater,
1989 1349 2032 1381 de
2049 1349 2161 1390 sepul-

340 1409 424 1440 chro
447 1417 523 1439 meo
547 1406 779 1450 gambuttam5
803 1406 915 1438 facis?
939 1416 1062 1438 moneo
1093 1412 1139 1443 te,
1162 1411 1200 1438 ut
1231 1406 1375 1446 amplius
1406 1415 1474 1437 non
1498 1405 1616 1442 facias,
1649 1410 1682 1437 et
1706 1403 1749 1436 ab
1779 1404 1845 1436 hoc
1878 1403 1972 1434 facto
2005 1401 2159 1433 desistas.

340 1460 410 1498 Qui
435 1461 555 1492 timore
580 1465 759 1501 correptus
782 1459 967 1501 aliquantis
990 1459 1110 1491 diebus
1133 1458 1233 1490 beato
1257 1459 1330 1490 viro
1355 1458 1517 1490 obedivit.
1565 1458 1693 1490 Verum
1709 1458 1781 1489 eius
1798 1455 2020 1489 correctionis
2043 1455 2161 1486 imme-

338 1524 411 1546 mor
434 1514 594 1550 existens,
619 1513 654 1544 in
676 1513 826 1554 idipsum
856 1512 970 1551 rediit,
1001 1518 1035 1544 et
1065 1512 1189 1543 iterum
1219 1522 1254 1543 se
1286 1511 1477 1553 appodians
1510 1510 1729 1543 obdormivit.
1775 1510 1841 1542 Cui
1870 1514 2006 1541 sanctus
2037 1508 2160 1540 iterum

339 1567 507 1609 apparuit,
531 1566 631 1608 eique
656 1566 756 1597 dixit:
781 1565 905 1598 Nonne
930 1565 991 1597 tibi
1015 1565 1184 1606 prohibui,
1208 1570 1244 1596 ut
1268 1563 1311 1596 de
1335 1564 1516 1605 sepulchro
1547 1573 1622 1595 meo
1646 1574 1715 1595 non
1747 1564 1882 1594 taceres
1912 1562 1976 1594 tibi
2005 1560 2160 1604 gambut-

340 1619 435 1652 tam?
461 1620 529 1657 Qui
554 1619 675 1650 timore
699 1618 899 1659 perterritus
926 1629 946 1649 a
968 1628 1110 1659 sompno
1134 1627 1290 1660 surgens,
1313 1617 1492 1649 brachium
1517 1616 1588 1648 eius
1611 1617 1657 1648 ita
1682 1621 1896 1648 contractum
1921 1620 1982 1652 est,
2006 1619 2042 1646 ut
2065 1613 2160 1645 nullo

338 1674 440 1705 modo
462 1672 573 1714 ipsum
596 1681 661 1703 nec
684 1671 826 1713 plicare,
850 1681 914 1703 nec
938 1672 1126 1703 extendere
1151 1676 1295 1711 poterat.
1343 1669 1414 1707 Qui
1432 1670 1552 1702 effusis
1566 1669 1726 1712 precibus
1750 1668 1886 1701 beatum
1910 1668 2018 1699 virum
2034 1666 2161 1699 devota

338 1725 468 1758 mente'
493 1725 701 1766 supplicans,
725 1725 869 1766 rogavit,
893 1730 929 1756 ut
951 1723 1047 1755 illum
1070 1723 1219 1755 liberare
1243 1723 1452 1765 dignaretur.
1500 1722 1571 1760 Qui
1602 1733 1680 1754 mox
1704 1721 1892 1760 exauditus,
1919 1720 2046 1752 meritis
2069 1720 2162 1751 beati

340 1779 405 1811 viri
428 1779 592 1810 liberatus
618 1782 679 1809 est.

428 1832 467 1863 In
489 1838 610 1863 sancta
635 1836 794 1872 preterea
817 1831 872 1863 die
896 1830 1121 1868 Parasceven,
1145 1840 1220 1862 cum
1245 1829 1289 1861 de
1314 1829 1454 1861 diversis
1478 1828 1631 1871 partibus
1653 1828 1835 1860 multitudo
1858 1827 2010 1859 virorum
2033 1832 2066 1858 et
2089 1836 2161 1857 mu-

338 1885 471 1922 lierum,
493 1885 580 1916 sicut
602 1894 674 1916 mos
697 1890 748 1915 est
771 1883 955 1915 christiane
979 1883 1167 1925 religionis,
1188 1888 1342 1914 sanctum
1367 1882 1456 1914 diem
1480 1881 1573 1914 illum
1606 1881 1816 1914 discalciatis
1844 1880 1988 1922 pedibus
2018 1886 2052 1911 et
2083 1889 2159 1911 cum

335 1938 485 1970 lacrimis
508 1947 605 1969 sacra
630 1937 705 1970 loca
727 1937 898 1968 visitando
923 1937 1109 1974 celebrare,
1133 1936 1289 1978 contigit,
1313 1934 1405 1977 quod
1430 1935 1525 1966 multi
1548 1935 1595 1967 ad
1619 1935 1710 1966 hunc
1741 1944 1874 1966 sacrum
1906 1934 2020 1965 locum
2053 1942 2157 1964 vene-

337 1997 424 2029 runt,
445 1991 535 2022 inter
559 2000 643 2032 quos
667 1996 700 2022 et
723 1990 870 2032 quedam
894 1989 1008 2031 puella
1031 1989 1187 2021 similiter
1210 1988 1317 2027 venit,
1341 1994 1376 2020 et
1400 1998 1476 2019 cum
1508 1987 1663 2020 nonnulli
1694 1987 1877 2028 pulpitum,
1906 1986 1966 2017 ubi
1997 1985 2160 2017 lectiones

336 2045 505 2086 leguntur,
530 2043 767 2080 ascenderent,
791 2042 905 2084 puella
927 2042 1081 2074 similiter
1105 2042 1249 2073 fortuitu
1275 2052 1350 2074 cum
1376 2042 1424 2073 eis
1447 2041 1612 2080 ascendit,
1637 2047 1672 2073 et
1702 2040 1745 2073 de
1769 2040 1890 2072 eodem
1914 2039 2046 2081 pulpito
2070 2039 2160 2070 ceci-

337 2097 396 2129 dit.
442 2097 485 2128 Et
508 2106 584 2127 cum
608 2105 724 2127 omnes
746 2096 944 2132 clamarent,
967 2101 1100 2127 mortua
1121 2100 1171 2127 est
1195 2095 1319 2136 puella,
1344 2101 1426 2126 nutu
1449 2094 1515 2126 Dei
1532 2100 1567 2126 et
1583 2094 1674 2126 beati
1691 2094 1754 2125 viri
1769 2093 1897 2125 meritis
1915 2103 2016 2134 super
2032 2091 2157 2133 pedes‘

339 2160 415 2181 suos
439 2160 474 2181 se
498 2150 642 2191 erigens,
666 2149 771 2180 nichil
794 2149 874 2179 mali
898 2147 1026 2180 habuit.

424 2201 500 2234 Hec
524 2201 568 2233 de
592 2207 686 2233 tanto
710 2201 782 2233 viro
806 2201 942 2243 suisque
974 2201 1275 2242 predecessoribus
1299 2201 1344 2232 ad
1375 2210 1518 2242 presens
1541 2200 1637 2232 dicta
1667 2199 1833 2232 sufficiant
1847 2197 1870 2236 ⁶,
1904 2198 1986 2230 licet
2016 2208 2077 2240 per
2101 2208 2160 2230 eos

427 2349 433 2364 ¹
453 2350 507 2373 Per
526 2350 646 2381 lagenas,
666 2349 817 2380 recipienti
836 2348 866 2372 in
887 2349 959 2371 terra
980 2349 1066 2372 cotta.

426 2390 436 2406 ²
463 2392 616 2422 Traconeia,
647 2398 695 2423 per
726 2391 939 2420 Transboneiam,
964 2390 1106 2422 villaggio
1135 2397 1218 2421 sopra

338 2433 427 2459 Vletri
449 2434 493 2458 sul
512 2441 587 2458 mare
605 2432 642 2463 (v.
664 2441 689 2457 n.
710 2439 724 2456 2
744 2440 760 2457 a
779 2440 805 2465 p.
828 2433 878 2465 15).

429 2474 439 2491 ⁸
459 2477 570 2501 Caritas
590 2482 636 2499 era
658 2475 736 2499 detto
768 2475 842 2499 nelle
868 2474 1077 2498 Consuetudini
1104 2474 1221 2498 Clunia-

338 2517 415 2540 censl
435 2523 471 2540 un
491 2516 630 2540 bicchiere
649 2516 677 2540 di
700 2516 768 2539 vino
788 2516 837 2539 che
858 2516 960 2539 veniva
988 2514 1055 2539 dato
1075 2515 1105 2538 in
1126 2513 1175 2546 piu
1195 2516 1220 2539 ai

339 2559 450 2582 monaci
470 2558 544 2582 nelle
565 2558 642 2582 feste.

426 2601 437 2615 ⁴
457 2600 486 2625 Si
507 2602 569 2625 noti
591 2602 618 2624 la
640 2601 720 2630 frass,
739 2608 844 2625 ancora
864 2601 928 2632 oggi
958 2602 1036 2624 usata
1056 2601 1103 2624 dai
1123 2601 1221 2631 poveri

338 2643 382 2667 del
403 2644 604 2675 mezzogiorno
624 2642 736 2667 d'Italla
758 2643 802 2666 nel
823 2642 952 2666 chiedere
972 2642 1156 2666 l'elemosina.

425 2683 436 2699 ⁵
461 2685 603 2709 Gambutta
622 2692 668 2708 era
687 2685 830 2708 chiamato
850 2692 886 2708 un
907 2685 1024 2708 bastone
1043 2685 1086 2708 col
1107 2684 1219 2708 manico

338 2727 453 2750 ricurvo
472 2733 520 2757 per
540 2727 730 2759 appoggiarsi,
751 2734 847 2759 spesso
866 2725 923 2749 cosi
946 2727 967 2749 si
989 2726 1122 2749 indicava
1138 2726 1157 2749 il
1177 2727 1220 2750 ba·

337 2770 420 2792 culum
445 2770 586 2798 pastorale
615 2769 660 2792 dei
692 2770 820 2792 vescovi:
850 2769 897 2799 qui
927 2770 971 2791 sta
999 2776 1046 2799 per
1065 2769 1220 2800 appoggio,

337 2817 463 2834 euscino.

425 2849 436 2866 ⁶
454 2851 479 2875 Il
501 2853 574 2876 fatto
594 2852 640 2883 piu
668 2853 844 2883 importante
866 2851 909 2875 del
935 2852 1019 2875 breve
1043 2859 1169 2882 governo
1190 2851 1217 2874 di

339 2901 387 2917 san
410 2892 577 2918 Constabile
596 2893 609 2917 ὲ
629 2894 656 2917 la
677 2894 857 2917 costruzione
877 2894 920 2918 del
938 2894 1054 2917 Castello
1069 2894 1099 2916 di
1117 2894 1144 2917 5.
1166 2894 1219 2916 An-

335 2937 407 2968 gelo,
427 2937 506 2960 detto
525 2936 574 2968 poi
588 2936 767 2965 dell’Abbate,
781 2944 794 2960 e
809 2934 857 2967 piis
871 2935 1049 2960 brevemente
1071 2935 1219 2960 Castellab-

1272 2348 1339 2371 bate.
1371 2347 1454 2372 Nella
1474 2349 1553 2379 parte
1572 2347 1711 2371 orientale
1730 2346 1775 2370 del
1800 2345 1882 2378 golfo
1910 2345 1940 2370 di
1959 2346 2086 2375 Salerno,
2107 2345 2154 2370 nel

1274 2388 1399 2418 Cilento,
1420 2390 1447 2413 la
1467 2389 1555 2413 Badia
1575 2389 1604 2412 di
1624 2387 1700 2412 Cava
1721 2395 1809 2412 aveva
1828 2388 1988 2419 acquistato
2008 2394 2057 2418 per
2071 2387 2160 2411 dona-

1277 2433 1361 2457 zione
1380 2441 1394 2456 e
1413 2439 1525 2464 compre
1539 2432 1640 2464 grandi
1659 2431 1815 2455 estensioni
1836 2431 1863 2454 di
1883 2432 1955 2454 terre
1968 2438 1982 2454 e
1996 2433 2159 2462 montagne,

1277 2476 1306 2498 vi
1326 2475 1481 2507 possedeva
1507 2474 1681 2505 quattordici
1708 2473 1879 2497 obbedienze
1899 2480 1916 2496 o
1935 2473 2089 2496 monasteri
2111 2472 2160 2496 fio-

1276 2517 1442 2546 rentissimi‚
1463 2518 1578 2540 atton-no
1597 2516 1625 2539 ai
1645 2515 1722 2545 quali
1742 2515 1766 2538 si
1791 2521 1879 2538 erano
1905 2514 2022 2538 formati
2041 2514 2087 2538 del
2106 2512 2159 2538 ca-

1275 2558 1328 2581 sali
1349 2558 1450 2581 abitati
1472 2558 1506 2582 da
1526 2557 1623 2581 coloni
1643 2564 1656 2580 e
1677 2556 1805 2585 vassalli,
1819 2556 1868 2579 che
1883 2557 1959 2580 sotto
1973 2556 2001 2579 la
2014 2555 2158 2579 direzione

1276 2599 1321 2623 dei
1341 2601 1453 2624 monaci
1474 2606 1600 2624 avevano
1621 2599 1730 2623 ridotto
1749 2598 1843 2629 quella
1858 2598 1971 2629 regione
1985 2597 2019 2621 da
2033 2597 2159 2621 malsana

1276 2650 1289 2666 e
1309 2643 1446 2674 paludosa
1463 2650 1477 2666 a
1497 2642 1606 2666 salubre
1627 2649 1640 2665 e
1661 2642 1734 2665 ricca
1754 2641 1783 2665 di
1803 2641 1880 2664 varie
1899 2641 2014 2664 colture.
2052 2638 2158 2667 Questa

1273 2683 1434 2716 prosperita
1453 2685 1577 2708 attii-ava
1598 2685 1604 2707 i
1621 2684 1708 2715 plrati
1724 2691 1738 2706 a
1754 2683 1895 2713 frequenti
1910 2682 2070 2706 incursioni
2087 2682 2158 2706 suile

1275 2728 1350 2750 coste
1370 2734 1384 2750 e
1404 2734 1418 2749 a
1432 2727 1541 2750 ruberie
1556 2725 1749 2754 nell’intern0‚
1763 2725 1883 2748 l'abbate
1897 2723 2062 2748 Constabile
2075 2725 2158 2755 quin-

1275 2768 1314 2797 di,
1331 2775 1347 2791 a
1366 2767 1466 2797 difesa,
1487 2767 1562 2791 volle
1582 2767 1712 2790 edificare
1731 2767 1804 2790 sulla
1828 2766 1935 2790 collina
1956 2766 1983 2789 di
1998 2764 2025 2789 S.
2043 2765 2157 2797 Angelo

1274 2808 1320 2840 (m.
1345 2808 1415 2840 278),
1435 2809 1574 2839 prossima
1593 2808 1619 2832 al
1639 2815 1722 2837 mare,
1743 2815 1779 2831 un
1802 2806 1929 2836 castello,
1949 2814 1962 2829 e
1981 2807 2111 2830 ottenuta
2131 2805 2158 2830 la

1273 2851 1454 2874 concessione
1474 2850 1520 2874 dal
1540 2850 1610 2873 duca
1625 2848 1789 2881 Guglielmo
1808 2848 1846 2880 (v.
1867 2847 2158 2878 Guxtmums‚Essa1·,

1273 2894 1336 2923 etc.‚
1355 2894 1426 2924 App.
1447 2899 1474 2924 p.
1493 2890 1599 2924 xxvn),
1617 2892 1637 2914 il
1661 2898 1692 2915 10
1711 2891 1821 2915 ottobre
1849 2896 1913 2920 1123
1929 2897 1963 2913 ne
1974 2896 2039 2921 pose
2053 2889 2078 2913 le
2094 2890 2156 2913 fon-

1274 2935 1418 2963 damenta;
1443 2933 1560 2958 Annales
1589 2934 1734 2958 Cavenses:
1763 2932 1871 2956 “Anno
1896 2932 1930 2956 ab
1958 2931 2157 2956 incarnatione

2189 767 2226 798 10

2188 1031 2225 1063 15

2184 1295 2226 1327 20

2184 1559 2224 1591 25

2184 1825 2226 1857 30

2182 2091 2223 2122 35

2187 2519 2220 2538 20

2185 2730 2218 2756 ²5

2183 2937 2218 2963 30
