2300 3554
429 193 591 229 VITAE
618 193 878 232 QUATUOR
906 193 1145 230 PRIORUM
1174 194 1429 230 ABBATUM
1460 195 1769 231 CAVENSIUM
1959 200 2004 232 23

191 323 337 365 apostoli
363 329 463 361 esset,
487 323 644 362 innotuit,
668 325 830 367 quemad
854 325 903 356 sui
928 325 1102 357 ministerii
1126 336 1219 356 usum
1244 331 1372 366 tenens,
1397 331 1430 357 et
1455 326 1487 356 in
1511 326 1594 357 mari
1614 326 1681 357 labi
1707 326 1856 368 pertulit,
1889 334 1920 358 et
1939 327 2010 359 ille-

191 387 261 408 sum
287 377 380 419 quasi
407 387 467 419 per
491 382 616 408 terram
641 378 754 409 traxit.
801 378 927 420 Sicque
953 378 1081 409 factum
1107 385 1168 414 est,
1198 384 1233 410 ut
1257 378 1306 410 vir
1329 385 1467 410 sanctus
1491 379 1546 421 qui
1573 389 1709 410 manere
1729 386 1849 420 sponte
1875 380 1905 410 in
1933 380 2008 412 loco

191 429 307 466 nollet,
332 435 485 462 maneret
510 430 634 462 invitus
649 432 668 467 ¹,
692 436 725 461 et
750 435 862 462 votum
887 442 983 462 suum
1002 430 1035 461 in
1053 431 1213 462 memoria
1232 430 1374 472 apostoli
1394 436 1486 462 tanto
1510 431 1665 462 devotius
1690 431 1861 469 redderet,
1879 439 2006 474 quanto

188 482 222 514 in
247 492 283 514 se
307 482 379 514 eius
403 482 612 515 voluntatem
640 483 791 524 apertius
819 483 1005 514 didicisset.

146 533 164 566 5
275 534 346 567 Sed
371 535 469 578 aquis
492 535 701 577 prevaluisse
725 535 848 578 quietis
871 547 946 567 eum
971 547 1033 567 cur
1059 537 1231 572 miremur,
1255 547 1331 568 cum
1358 536 1573 569 invocatione
1599 538 1795 569 meritorum
1814 538 1887 569 eius
1905 538 2005 569 maris

187 593 356 620 tumentes
379 599 420 621 ac
443 588 614 621 sevientes
643 588 817 621 cumulos¹
849 590 1034 631 quievisse‘
1067 599 1180 621 coram
1212 588 1424 621 secularibus
1448 590 1644 622 hominibus
1668 591 1869 622 teneamus?
1919 592 2003 623 Nam

187 641 324 683 quidam
349 641 479 674 nobiles
503 642 564 673 viri
590 641 766 683 Neapolis.
791 652 867 673 cum
892 653 953 683 per
971 653 1062 674 mare
1075 645 1082 657 ¹
1102 642 1259 673 Gaietam
1278 648 1471 684 pergerent,
1490 650 1524 674 ut
1543 643 1666 674 nobilis
1682 644 1857 675 cuiusdam
1877 645 2006 676 iuvenis

187 693 335 726 delatam
360 694 442 726 illuc
465 706 484 726 a
508 693 711 736 parentibus
725 704 881 736 sponsam
901 695 1089 732 deferrent,
1107 695 1364 727 vehementibus
1388 695 1497 727 ventis
1517 696 1649 727 turbato
1668 696 1762 733 mari,
1780 697 1918 728 nimium
1944 708 2004 738 pa-

187 757 266 779 vere
291 753 468 789 ceperunt.
508 746 662 789 Cumque
687 746 808 779 fluctus
831 747 1056 779 vehementer
1078 748 1305 790 insurgerent,
1330 754 1363 779 et
1387 747 1556 779 evadendi
1581 758 1659 789 spes
1683 749 1748 779 iam
1774 749 1919 780 defectis
1943 750 2004 780 de-

125 799 162 831 10
186 800 288 832 ficere
313 800 471 842 cepisset,
495 799 634 842 quidam
657 800 794 831 illorum
831 800 991 832 nobilium
1026 801 1157 833 abbatis
1191 800 1383 838 familiaris,
1414 802 1602 832 orationem
1628 802 1671 833 ad
1697 801 1876 833 Dominum
1904 803 2004 839 fudit,

183 859 286 896 atque
309 863 345 884 se
371 864 447 886 cum
470 853 574 885 sociis
595 853 686 885 illius
707 859 741 885 et
765 853 907 885 fratrum
933 854 1003 885 eius
1026 854 1152 886 meritis
1168 853 1211 885 de
1235 859 1328 885 tanto
1345 854 1500 895 periculo
1524 854 1660 886 liberari
1685 855 1876 895 postulavit.
1924 855 2004 886 Post

183 906 281 938 cuius
298 906 455 937 nimirum
479 917 597 939 vocem
615 906 789 938 mirabiles
805 906 964 938 elationis
980 908 1083 938 maris
1096 906 1107 923 ⁸
1124 906 1327 939 mirabiliter
1343 907 1557 948 quieverunt,
1573 913 1607 938 et
1624 913 1750 949 quanta
1767 914 1878 939 essent
1895 909 2002 939 sancti

182 958 244 990 viri
270 959 389 991 merita
412 960 595 992 ostendere
620 959 692 990 vise
716 966 803 997 sunt,
831 961 885 991 cui
910 959 1077 1002 exem'plo
1103 960 1291 992 Salvatoris
1313 969 1349 991 se
1375 959 1570 992 obediendo
1593 959 1829 991 submiserunt.
1862 961 1905 992 Et
1921 961 2001 1002 quia

184 1022 251 1044 non
267 1011 375 1044 solum
400 1012 573 1044 extraneis
596 1018 629 1043 et
652 1012 814 1050 indoctis,
838 1024 954 1044 verum
971 1013 1071 1045 etiam
1089 1011 1292 1054 quibusdam
1310 1012 1571 1055 neglegentibus
1594 1012 1771 1044 monachis
1787 1023 1848 1054 pro
1866 1014 2001 1044 fervore

122 1063 158 1096 15
183 1064 313 1096 ordinis
336 1065 437 1097 homo
460 1071 615 1096 austerus
638 1064 728 1097 visus
750 1072 809 1106 est,
834 1066 917 1098 illud
941 1066 1114 1098 narrando
1138 1066 1336 1108 subsequar,
1360 1065 1462 1102 unde,
1486 1075 1586 1107 quam
1610 1071 1775 1107 acceptus
1798 1066 1870 1098 Deo
1888 1066 2004 1103 fuerit,

183 1118 226 1150 de
249 1118 342 1150 omni
365 1118 422 1150 illa
445 1129 505 1150 sua
527 1118 742 1150 districtione
765 1119 919 1160 apertius
942 1119 1108 1151 videatur.
1155 1118 1252 1156 Quos
1276 1125 1309 1150 et
1332 1118 1358 1150 si
1381 1128 1552 1150 sacrarum
1586 1119 1829 1160 scripturarum
1854 1120 2002 1151 auctori-

180 1176 251 1203 tate
276 1171 382 1203 facile
405 1171 565 1204 refellere
590 1182 778 1213 possumus,
803 1178 912 1204 tamen
939 1172 1124 1214 splendore
1148 1172 1388 1204 miraculorum
1414 1177 1550 1204 ostenso
1574 1171 1694 1203 melius
1717 1173 1943 1203 confutamus.

269 1224 418 1262 Quidam
443 1235 579 1267 nanque
606 1225 714 1257 frater
738 1231 810 1256 erat
834 1226 867 1256 in
892 1225 1089 1257 obedientia
1113 1226 1224 1258 sancti
1252 1224 1394 1256 Fabiani
1420 1224 1579 1267 martyris
1592 1224 1614 1261 ⁴,
1637 1225 1694 1266 qui
1720 1235 1796 1257 cum
1821 1235 1858 1256 se
1883 1225 1997 1267 negle-

176 1283 299 1322 genter
322 1283 450 1321 ageret.
474 1278 509 1309 in
532 1279 684 1319 sompnis
708 1279 867 1310 domnum
892 1277 1051 1310 abbatem
1075 1279 1174 1316 vidit,
1199 1289 1218 1310 a
1240 1287 1307 1320 quo
1340 1277 1539 1320 regulariter
1571 1277 1782 1315 verberatus,
1815 1278 1856 1309 de
1881 1284 1999 1310 cetero

116 1331 158 1362 20
181 1331 366 1363 studiosior
389 1331 462 1362 fuit.
506 1330 596 1363 Huic
620 1337 734 1363 autem
759 1331 899 1363 omnino
923 1331 1031 1363 simile
1056 1331 1205 1373 aliquid'
1230 1330 1266 1362 in
1290 1330 1356 1363 alio
1381 1330 1459 1363 loco
1483 1336 1615 1373 gestum
1641 1331 1762 1363 fratres
1785 1331 2000 1362 venerabiles

178 1384 377 1416 retulerunt.

266 1436 428 1475 Quodam
453 1447 587 1480 nanque
612 1443 766 1479 tempore
792 1448 867 1469 cum
892 1438 998 1469 frater
1022 1438 1160 1480 quidam
1185 1438 1228 1470 de
1253 1437 1342 1469 cella
1358 1437 1504 1480 quadam
1522 1437 1681 1470 Calabrie
1698 1436 1743 1469 ad
1756 1437 1997 1469 monasterium

179 1491 322 1529 veniret,
346 1491 523 1523 cuiusdam
547 1491 714 1523 secularis
738 1490 881 1522 hominis
905 1490 1055 1533 hospitio
1078 1497 1255 1532 susceptus
1279 1496 1339 1522 est.
1386 1490 1423 1521 In
1448 1490 1568 1521 eadem
1594 1499 1676 1521 vero
1700 1491 1813 1528 domo,
1836 1500 1898 1532 pro
1914 1500 1996 1532 qua-

180 1544 257 1576 dam
282 1543 546 1586 sollempnitate,
571 1544 766 1576 convivium
791 1544 987 1586 parabatur.
1031 1545 1077 1576 Et
1100 1554 1177 1576 cum
1200 1544 1317 1585 plures
1340 1543 1383 1574 ad
1408 1543 1560 1575 eiusdem
1585 1543 1734 1576 convivii
1758 1543 1876 1585 epulas
1894 1553 1996 1574 voca-

114 1596 154 1628 25
178 1602 306 1636 rentur,
329 1597 472 1630 fratrem
496 1598 599 1629 etiam
623 1598 718 1629 illum
741 1607 863 1639 rogare
889 1604 1064 1638 ceperunt,
1087 1603 1124 1629 ut
1146 1603 1306 1638 respectu
1330 1596 1485 1628 karitatis
1501 1606 1542 1628 eo
1566 1596 1622 1628 die
1647 1596 1732 1628 cibis
1764 1595 1999 1628 communibus

175 1650 223 1682 uti
246 1650 454 1693 dignaretur.
503 1649 609 1688 Quod
632 1651 750 1693 utique
777 1652 885 1682 frater
907 1651 964 1683 ille
987 1651 1131 1693 primum
1156 1649 1306 1688 rennuit,
1322 1648 1458 1681 dicens:
1485 1649 1563 1681 Non
1582 1659 1730 1691 possum,
1755 1649 1888 1687 fratres,
1905 1649 1997 1690 quod

176 1703 292 1735 dicitis
315 1703 443 1742 facere,
474 1704 554 1747 quia
585 1704 704 1747 regula
735 1703 932 1735 monasterii
963 1703 1042 1735 talis
1063 1709 1125 1742 est,
1156 1709 1193 1734 ut
1223 1702 1320 1735 cibos
1350 1702 1502 1734 carnium
1535 1702 1647 1734 nullus
1677 1701 1781 1733 edere
1812 1707 1994 1743 presumat.

177 1755 334 1798 Cumque
356 1757 509 1789 secundo
533 1762 569 1789 et
591 1757 690 1788 tertio
713 1762 884 1800 rogarent,
908 1761 942 1788 et
965 1757 1034 1788 suis
1057 1756 1218 1798 precibus
1241 1756 1482 1787 vehementer'
1507 1755 1711 1792 insisterent,
1734 1754 1839 1786 flexus
1862 1760 1912 1785 est
1936 1755 1996 1786 ho-

175 1819 241 1848 mo,
264 1816 298 1842 et
322 1818 439 1841 eorum
464 1810 562 1842 cibos
584 1820 620 1841 se
644 1819 778 1841 sumere
802 1809 969 1851 promisit.
1013 1809 1085 1842 Sed
1108 1809 1188 1841 dum
1204 1809 1386 1850 prandium
1404 1814 1594 1849 pararetur,
1612 1808 1800 1839 monachus
1816 1808 1859 1838 de
1876 1806 1993 1839 labore

111 1863 152 1894 30
175 1862 308 1894 itineris
330 1872 450 1905 parum
475 1873 620 1904 pausare
644 1863 773 1900 volens,
799 1861 1016 1894 obdormivit.
1062 1861 1127 1894 Cui
1151 1861 1356 1893 venerabilis
1379 1860 1485 1893 abbas
1507 1860 1628 1893 Petrus
1651 1861 1687 1892 in
1711 1860 1861 1901 sompnis
1885 1870 1991 1902 appa-

174 1915 240 1947 ruit
263 1915 402 1948 dicens:
428 1916 523 1954 Quid
547 1921 608 1953 est,
633 1916 751 1953 frater,
775 1915 868 1957 quod
891 1915 1066 1947 seductori
1097 1921 1154 1947 tuo
1177 1921 1245 1946 tam
1270 1915 1338 1947 cito
1361 1924 1536 1946 assensum
1559 1913 1749 1955 prebuisti?
1780 1913 1919 1944 Talisne
1943 1920 1995 1945 est

175 1969 260 2001 ordo
284 1968 448 2001 Cavensis
459 1968 482 2006 ⁵,
505 1974 542 2000 ut
564 1969 600 2000 in
622 1969 678 2000 via
702 1968 826 2000 directi
851 1969 977 2000 fratres
1000 1968 1164 2000 carnibus
1187 1966 1395 1999 vescantur?
1419 1967 1575 2009 Cumque
1591 1966 1649 1998 ille
1675 1966 1810 2007 culpam
1827 1976 1995 2008 agnosce-

174 2028 227 2054 ret
248 2027 283 2054 et
306 2022 442 2055 veniam
466 2027 678 2064 precaretur,
703 2021 874 2064 corporali
898 2021 1025 2054 iudicio
1049 2021 1219 2063 expoliari
1242 2021 1351 2052 iussus
1375 2027 1436 2061 est,
1460 2026 1562 2062 atque
1585 2019 1781 2062 flagellatus
1811 2019 1995 2061 evigilavit.

174 2074 276 2107 Tunc
298 2074 504 2107 instantibus
527 2074 770 2107 invitatoribus
792 2075 861 2106 suis
891 2075 1080 2116 respondit,
1114 2073 1250 2106 dicens:
1282 2073 1370 2116 Ego,
1394 2073 1528 2110 fratres,
1561 2071 1655 2104 cibos
1686 2078 1816 2103 vestros
1846 2073 1995 2103 nondum

109 2126 150 2160 35
175 2127 301 2170 sumpsi
324 2134 358 2161 et
381 2128 518 2171 flagella
541 2129 726 2170 promerui,
749 2127 814 2159 iam
839 2128 867 2160 si
891 2128 1086 2165 comedero,
1111 2127 1195 2169 quid
1217 2126 1298 2158 mihi
1322 2125 1412 2158 erit?
1436 2125 1591 2167 Cumque
1615 2125 1663 2156 rei
1694 2127 1807 2167 geste'
1839 2123 1994 2156 ordinem

173 2181 342 2219 audirent,
365 2181 454 2213 ultra
477 2191 513 2213 se
535 2181 671 2213 molesti
694 2191 757 2222 pro
779 2181 927 2222 prandio
951 2191 1019 2212 non
1044 2180 1194 2212 fuerunt.
1240 2178 1377 2216 Quibus
1406 2179 1563 2210 nimirum
1598 2178 1735 2209 iudiciis
1769 2177 1888 2214 claret,
1918 2177 1996 2219 quia

174 2233 339 2266 affectum
363 2233 568 2272 dilectionis,
593 2244 693 2276 quem
719 2234 920 2276 impendere
945 2234 1163 2276 presentibus
1185 2238 1422 2270 consueverat,
1446 2231 1634 2263 absentium
1665 2230 1842 2272 spiritibus
1865 2231 1996 2272 impen-

171 2287 252 2319 dere
276 2287 470 2325 videbatur,
493 2292 532 2319 ut
554 2292 674 2329 aperte
698 2286 917 2325 claresceret,
940 2286 1020 2329 quia
1044 2286 1152 2318 omnis
1175 2286 1232 2317 ille
1256 2285 1349 2328 rigor
1373 2284 1557 2326 discipline
1581 2294 1623 2315 ex
1645 2292 1767 2326 magne
1799 2283 1995 2314 dilectionis

172 2339 269 2372 fonte
291 2340 469 2378 deflueret,
493 2345 528 2372 et
551 2340 647 2382 quod
670 2350 753 2382 sepe
777 2339 960 2372 videbatur
982 2350 1002 2371 a
1025 2339 1281 2382 neglegentium
1305 2348 1392 2380 pace
1424 2337 1617 2375 discedere,
1641 2347 1717 2369 cum
1748 2346 1876 2368 summe
1899 2335 1995 2377 pacis

107 2393 149 2424 40
172 2392 264 2425 bono
289 2392 502 2425 conveniret.
550 2393 656 2431 Quod
679 2392 800 2425 melius
823 2393 1049 2432 ostendimus,
1072 2392 1101 2424 si
1124 2402 1192 2424 non
1215 2391 1324 2423 solum
1348 2396 1509 2432 correpta
1524 2399 1680 2431 corpora,
1703 2389 1765 2421 sed
1790 2389 1890 2421 etiarn
1915 2399 1994 2430 pur-

170 2451 326 2488 gatarum
350 2445 541 2478 animarum
563 2445 693 2478 indicia
716 2445 898 2487 discipline
921 2445 1013 2477 illius
1035 2445 1155 2488 vigore
1178 2445 1364 2477 videamus.

258 2498 393 2530 Cioffus
414 2509 552 2542 nanque
576 2499 766 2532 monachus
790 2499 889 2531 nobis
911 2499 1044 2531 referre
1068 2498 1187 2531 solitus
1210 2503 1272 2536 est,
1296 2497 1378 2540 quia
1401 2495 1615 2530 Frederisius
1631 2496 1770 2539 quidam
1788 2495 1994 2527 monachus¹

171 2551 248 2590 fuit,
271 2552 485 2584 amalfitanus
507 2555 662 2594 genere,'
687 2552 744 2595 qui
768 2558 866 2584 extra
888 2552 1134 2585 monasterium
1157 2552 1192 2584 in
1217 2551 1305 2584 cella
1321 2551 1469 2594 quadarn
1485 2560 1622 2582 manere
1639 2549 1758 2587 iussus,
1775 2548 1999 2591 neglegenter

257 2676 265 2693 ¹
285 2677 312 2702 S.
332 2676 479 2702 Gnaconn
492 2679 577 2710 Dial.‚
593 2679 627 2707 11,
638 2686 684 2711 33:
702 2678 783 2707 “Qui
799 2686 941 2703 remanere
958 2680 1058 2712 sponte
1110 2678 1219 2711 glinno,
1239 2685 1296 2702 non
1316 2677 1397 2708 lungi
1418 2677 1452 2701 da
1472 2676 1564 2700 Rocca
1578 2674 1693 2700 Cilento
1713 2675 1761 2704 (cf.
1781 2674 1995 2700 Vax-ruricius,

172 2719 301 2748 “noluit,
321 2721 427 2744 mansit
450 2722 559 2745 invitus
570 2738 593 2751 η.
1111 2723 1152 2751 op.
1172 2721 1227 2748 cit..
1248 2727 1274 2752 p.
1295 2719 1349 2751 42).

256 2761 267 2777 ²
287 2762 472 2794 “Insequitur
492 2766 660 2795 praeruptus
680 2765 808 2788 cumulus
829 2771 918 2795 aquae
938 2771 1018 2787 mons
1032 2779 1057 2794 „0
1197 2760 1208 2776 ⁵
1232 2762 1305 2787 Ordo
1333 2762 1456 2785 cavensis
1485 2760 1529 2784 nel
1551 2767 1635 2783 senso
1655 2760 1682 2782 di
1704 2757 1906 2783 ordinamenti.
1928 2763 1992 2780 con-

170 2801 340 2834 Vssnmuus,
370 2804 489 2834 Aeneia„
514 2803 534 2834 1.
567 2810 630 2835 1o5;
653 2805 801 2829 “Tument
828 2805 899 2828 freta
925 2805 1020 2829 ventis
1033 2822 1056 2835 ,,,
1111 2804 1253 2828 suetudini
1273 2805 1396 2833 cavensi,
1416 2810 1494 2827 come
1514 2801 1528 2826 ὲ
1548 2801 1692 2825 ricordato
1712 2801 1746 2824 da
1765 2799 1854 2823 Lucio
1869 2798 1906 2822 111
1921 2798 1995 2822 nella

127 2850 141 2876 5
169 2845 323 2872 TIBULLUS.
342 2853 367 2877 4,
386 2846 407 2874 I,
430 2853 486 2877 194·
1109 2847 1189 2871 bolla
1209 2846 1255 2870 del
1276 2853 1288 2877 5
1310 2846 1383 2870 febb.
1405 2845 1479 2872 1182.
1499 2852 1512 2868 e
1527 2845 1561 2868 da
1574 2843 1735 2868 Innocenzo
1749 2842 1786 2866 111
1801 2841 1875 2865 nella
1896 2841 1995 2864 lettera

257 2885 268 2901 ³
286 2887 342 2916 Ps.‚
361 2887 448 2916 XCII,
468 2896 493 2920 4.
1109 2888 1137 2912 al
1156 2889 1270 2912 monaci
1295 2887 1369 2911 della
1397 2886 1444 2910 SS.
1473 2884 1590 2911 'ri-inita
1610 2886 1638 2909 di
1660 2885 1840 2909 Montesacro
1871 2882 1995 2913 (Rhome,

257 2928 268 2944 ⁴
287 2929 313 2953 S.
334 2928 471 2958 Fabiano,
491 2930 605 2962 piccolo
631 2933 795 2955 monastero
823 2930 932 2955 donato
951 2931 985 2954 da
1006 2929 1053 2954 Gi·
1109 2931 1188 2955 Patr.
1210 2931 1267 2957 lat..
1288 2928 1345 2959 CC,
1366 2930 1420 2953 col.
1441 2929 1514 2959 40¹)-

168 2970 244 2993 sulso
263 2969 289 2994 11
310 2977 363 2994 con
384 2971 456 2995 altre
475 2971 566 2996 chiese
587 2972 631 2997 del
651 2971 779 3003 Cilento,
799 2980 844 2998 era
865 2979 960 3005 presso
974 2971 1054 2997 Casi-

2069 650 2143 673 siv»,
2159 656 2195 673 ²¹³

2083 1765 2101 1780 c.
2116 1766 2163 1780 2111

2063 2538 2135 2558 Mun..
2151 2543 2188 2558 ²24

2084 2570 2103 2584 0.
2119 2570 2160 2583 ΗΥ

2026 2721 2056 2737 10

2025 2930 2054 2956 ¹5
