<?xml version="1.0" encoding="UTF-8"?>
<!DOCTYPE html PUBLIC "-//W3C//DTD XHTML 1.0 Transitional//EN"
    "http://www.w3.org/TR/xhtml1/DTD/xhtml1-transitional.dtd">
<html xmlns="http://www.w3.org/1999/xhtml" xml:lang="en" lang="en">
 <head>
  <title>
</title>
<meta http-equiv="Content-Type" content="text/html;charset=utf-8" />
  <meta name='ocr-system' content='tesseract 3.04.00' />
  <meta name='ocr-capabilities' content='ocr_page ocr_carea ocr_par ocr_line ocrx_word'/>
</head>
<body>
  <div class='ocr_page' id='page_1' title='image "./p5rerumitalicaru06murauoft_0040.png"; bbox 0 0 2280 3476; ppageno 0'>
   <div class='ocr_carea' id='block_1_1' title="bbox 125 481 207 499">
    <p class='ocr_par' dir='ltr' id='par_1_1' title="bbox 125 481 207 499">
     <span class='ocr_line' id='line_1_1' title="bbox 125 481 207 499; baseline 0 0"><span class='ocrx_word' id='word_1_1' title='bbox 125 486 145 499; x_wconf 82' lang='lat' dir='ltr'>c.</span> <span class='ocrx_word' id='word_1_2' title='bbox 162 481 207 499; x_wconf 77' lang='lat' dir='ltr'>18r</span> 
     </span>
    </p>
   </div>
   <div class='ocr_carea' id='block_1_2' title="bbox 135 1272 220 1291">
    <p class='ocr_par' dir='ltr' id='par_1_2' title="bbox 135 1272 220 1291">
     <span class='ocr_line' id='line_1_2' title="bbox 135 1272 220 1291; baseline -0.012 0"><span class='ocrx_word' id='word_1_3' title='bbox 135 1277 154 1291; x_wconf 88' lang='lat' dir='ltr'>c.</span> <span class='ocrx_word' id='word_1_4' title='bbox 173 1272 220 1290; x_wconf 71' lang='lat'>1821</span> 
     </span>
    </p>
   </div>
   <div class='ocr_carea' id='block_1_3' title="bbox 111 1379 237 1401">
    <p class='ocr_par' dir='ltr' id='par_1_3' title="bbox 111 1379 237 1401">
     <span class='ocr_line' id='line_1_3' title="bbox 111 1379 237 1401; baseline 0.008 -3"><span class='ocrx_word' id='word_1_5' title='bbox 111 1379 184 1401; x_wconf 53' lang='lat' dir='ltr'>Mum,</span> <span class='ocrx_word' id='word_1_6' title='bbox 202 1385 237 1399; x_wconf 77' lang='lat'>221</span> 
     </span>
    </p>
   </div>
   <div class='ocr_carea' id='block_1_4' title="bbox 249 2082 280 2098">
    <p class='ocr_par' dir='ltr' id='par_1_4' title="bbox 249 2082 280 2098">
     <span class='ocr_line' id='line_1_4' title="bbox 249 2082 280 2098; baseline -0.032 0"><span class='ocrx_word' id='word_1_7' title='bbox 249 2082 280 2098; x_wconf 83' lang='lat'>10</span> 
     </span>
    </p>
   </div>
   <div class='ocr_carea' id='block_1_5' title="bbox 249 2294 278 2318">
    <p class='ocr_par' dir='ltr' id='par_1_5' title="bbox 249 2294 278 2318">
     <span class='ocr_line' id='line_1_5' title="bbox 249 2294 278 2318; baseline 0 0"><span class='ocrx_word' id='word_1_8' title='bbox 249 2294 278 2318; x_wconf 88' lang='lat'>¹5</span> 
     </span>
    </p>
   </div>
   <div class='ocr_carea' id='block_1_6' title="bbox 535 180 1885 220">
    <p class='ocr_par' dir='ltr' id='par_1_6' title="bbox 535 180 1885 220">
     <span class='ocr_line' id='line_1_6' title="bbox 535 180 1885 220; baseline -0.001 -2"><span class='ocrx_word' id='word_1_9' title='bbox 535 181 696 218; x_wconf 88' lang='lat' dir='ltr'><strong>VITAE</strong></span> <span class='ocrx_word' id='word_1_10' title='bbox 723 181 984 220; x_wconf 90' lang='lat' dir='ltr'>QUATUOR</span> <span class='ocrx_word' id='word_1_11' title='bbox 1012 181 1252 216; x_wconf 90' lang='lat' dir='ltr'>PRIORUM</span> <span class='ocrx_word' id='word_1_12' title='bbox 1281 181 1543 217; x_wconf 89' lang='lat' dir='ltr'>ABBATUM</span> <span class='ocrx_word' id='word_1_13' title='bbox 1574 180 1885 217; x_wconf 86' lang='lat' dir='ltr'>CAVENSIUM</span> 
     </span>
    </p>
   </div>
   <div class='ocr_carea' id='block_1_7' title="bbox 297 312 2133 1625">
    <p class='ocr_par' dir='ltr' id='par_1_7' title="bbox 297 312 2133 1625">
     <span class='ocr_line' id='line_1_7' title="bbox 297 312 2122 355; baseline -0.002 -8"><span class='ocrx_word' id='word_1_14' title='bbox 297 315 364 346; x_wconf 82' lang='lat' dir='ltr'>iam</span> <span class='ocrx_word' id='word_1_15' title='bbox 387 315 463 347; x_wconf 78' lang='lat' dir='ltr'>fere</span> <span class='ocrx_word' id='word_1_16' title='bbox 487 314 621 352; x_wconf 83' lang='lat' dir='ltr'>amissa,</span> <span class='ocrx_word' id='word_1_17' title='bbox 645 313 703 344; x_wconf 90' lang='lat' dir='ltr'>vix</span> <span class='ocrx_word' id='word_1_18' title='bbox 725 324 746 345; x_wconf 94' lang='lat' dir='ltr'>a</span> <span class='ocrx_word' id='word_1_19' title='bbox 768 313 857 345; x_wconf 90' lang='lat' dir='ltr'>bone</span> <span class='ocrx_word' id='word_1_20' title='bbox 882 313 1041 344; x_wconf 87' lang='lat' dir='ltr'>memorie</span> <span class='ocrx_word' id='word_1_21' title='bbox 1064 323 1155 354; x_wconf 88' lang='lat' dir='ltr'>papa</span> <span class='ocrx_word' id='word_1_22' title='bbox 1178 313 1320 345; x_wconf 90' lang='lat' dir='ltr'>Urbano</span> <span class='ocrx_word' id='word_1_23' title='bbox 1344 314 1388 344; x_wconf 92' lang='lat' dir='ltr'>ad</span> <span class='ocrx_word' id='word_1_24' title='bbox 1413 313 1486 345; x_wconf 90' lang='lat' dir='ltr'>eius</span> <span class='ocrx_word' id='word_1_25' title='bbox 1509 314 1663 355; x_wconf 89' lang='lat' dir='ltr'>quamvis</span> <span class='ocrx_word' id='word_1_26' title='bbox 1686 314 1859 345; x_wconf 89' lang='lat' dir='ltr'>modicum</span> <span class='ocrx_word' id='word_1_27' title='bbox 1883 323 1979 344; x_wconf 87' lang='lat' dir='ltr'>usum</span> <span class='ocrx_word' id='word_1_28' title='bbox 2001 312 2122 344; x_wconf 87' lang='lat' dir='ltr'><strong>reduci</strong></span> 
     </span>
     <span class='ocr_line' id='line_1_8' title="bbox 297 365 2122 409; baseline -0.002 -10"><span class='ocrx_word' id='word_1_29' title='bbox 297 368 472 409; x_wconf 85' lang='lat' dir='ltr'>potuisset.</span> <span class='ocrx_word' id='word_1_30' title='bbox 516 367 676 398; x_wconf 82' lang='lat' dir='ltr'>Loricam</span> <span class='ocrx_word' id='word_1_31' title='bbox 699 367 816 398; x_wconf 79' lang='lat' dir='ltr'><strong>subtus</strong></span> <span class='ocrx_word' id='word_1_32' title='bbox 840 365 883 397; x_wconf 93' lang='lat' dir='ltr'>ad</span> <span class='ocrx_word' id='word_1_33' title='bbox 907 376 1046 398; x_wconf 87' lang='lat' dir='ltr'>carnem</span> <span class='ocrx_word' id='word_1_34' title='bbox 1069 366 1240 398; x_wconf 87' lang='lat' dir='ltr'><strong>occultam</strong></span> <span class='ocrx_word' id='word_1_35' title='bbox 1263 366 1387 404; x_wconf 87' lang='lat' dir='ltr'>induit,</span> <span class='ocrx_word' id='word_1_36' title='bbox 1404 376 1582 408; x_wconf 89' lang='lat' dir='ltr'>quousque</span> <span class='ocrx_word' id='word_1_37' title='bbox 1607 372 1831 408; x_wconf 88' lang='lat' dir='ltr'>putresceret,</span> <span class='ocrx_word' id='word_1_38' title='bbox 1847 372 1881 398; x_wconf 85' lang='lat' dir='ltr'>et</span> <span class='ocrx_word' id='word_1_39' title='bbox 1897 366 1940 397; x_wconf 90' lang='lat' dir='ltr'>ab</span> <span class='ocrx_word' id='word_1_40' title='bbox 1956 365 2029 397; x_wconf 90' lang='lat' dir='ltr'>eius</span> <span class='ocrx_word' id='word_1_41' title='bbox 2045 375 2122 397; x_wconf 91' lang='lat' dir='ltr'>cor-</span> 
     </span>
     <span class='ocr_line' id='line_1_9' title="bbox 299 418 2123 462; baseline -0.002 -10"><span class='ocrx_word' id='word_1_42' title='bbox 299 430 383 462; x_wconf 89' lang='lat' dir='ltr'>pore</span> <span class='ocrx_word' id='word_1_43' title='bbox 405 426 505 462; x_wconf 89' lang='lat' dir='ltr'>rupta</span> <span class='ocrx_word' id='word_1_44' title='bbox 528 419 721 452; x_wconf 83' lang='lat' dir='ltr'>cecidisset.</span> <span class='ocrx_word' id='word_1_45' title='bbox 766 418 837 450; x_wconf 86' lang='lat' dir='ltr'>Sed</span> <span class='ocrx_word' id='word_1_46' title='bbox 860 419 941 461; x_wconf 90' lang='lat' dir='ltr'>quia</span> <span class='ocrx_word' id='word_1_47' title='bbox 955 419 1096 461; x_wconf 87' lang='lat' dir='ltr'>longum</span> <span class='ocrx_word' id='word_1_48' title='bbox 1119 425 1181 457; x_wconf 89' lang='lat' dir='ltr'>est,</span> <span class='ocrx_word' id='word_1_49' title='bbox 1197 419 1225 450; x_wconf 93' lang='lat' dir='ltr'>si</span> <span class='ocrx_word' id='word_1_50' title='bbox 1240 418 1381 461; x_wconf 87' lang='lat' dir='ltr'>singulis</span> <span class='ocrx_word' id='word_1_51' title='bbox 1398 419 1627 457; x_wconf 87' lang='lat' dir='ltr'>immoremur,</span> <span class='ocrx_word' id='word_1_52' title='bbox 1643 419 1710 450; x_wconf 92' lang='lat' dir='ltr'>hoc</span> <span class='ocrx_word' id='word_1_53' title='bbox 1727 419 1836 450; x_wconf 89' lang='lat' dir='ltr'>solum</span> <span class='ocrx_word' id='word_1_54' title='bbox 1861 419 1973 450; x_wconf 89' lang='lat' dir='ltr'>adhuc</span> <span class='ocrx_word' id='word_1_55' title='bbox 1991 419 2034 450; x_wconf 93' lang='lat' dir='ltr'>de</span> <span class='ocrx_word' id='word_1_56' title='bbox 2051 419 2123 449; x_wconf 89' lang='lat' dir='ltr'>eius</span> 
     </span>
     <span class='ocr_line' id='line_1_10' title="bbox 298 464 2123 515; baseline -0.001 -11"><span class='ocrx_word' id='word_1_57' title='bbox 298 474 390 505; x_wconf 79' lang='lat' dir='ltr'>fama</span> <span class='ocrx_word' id='word_1_58' title='bbox 412 473 659 515; x_wconf 87' lang='lat' dir='ltr'>subiungimus,</span> <span class='ocrx_word' id='word_1_59' title='bbox 683 472 763 514; x_wconf 92' lang='lat' dir='ltr'>quia</span> <span class='ocrx_word' id='word_1_60' title='bbox 784 472 819 503; x_wconf 91' lang='lat' dir='ltr'>in</span> <span class='ocrx_word' id='word_1_61' title='bbox 843 472 935 503; x_wconf 89' lang='lat' dir='ltr'>omni</span> <span class='ocrx_word' id='word_1_62' title='bbox 958 472 1033 503; x_wconf 79' lang='lat' dir='ltr'>fere</span> <span class='ocrx_word' id='word_1_63' title='bbox 1062 470 1143 503; x_wconf 91' lang='lat' dir='ltr'>orbe</span> <span class='ocrx_word' id='word_1_64' title='bbox 1175 471 1381 504; x_wconf 87' lang='lat' dir='ltr'>venerabilis</span> <span class='ocrx_word' id='word_1_65' title='bbox 1412 471 1613 508; x_wconf 83' lang='lat' dir='ltr'>habebatur,</span> <span class='ocrx_word' id='word_1_66' title='bbox 1637 472 1709 509; x_wconf 88' lang='lat' dir='ltr'>sed,</span> <span class='ocrx_word' id='word_1_67' title='bbox 1740 464 1777 503; x_wconf 83' lang='lat' dir='ltr'>ut</span> <span class='ocrx_word' id='word_1_68' title='bbox 1800 471 1974 503; x_wconf 87' lang='lat' dir='ltr'>secula&#39;ris</span> <span class='ocrx_word' id='word_1_69' title='bbox 1998 471 2123 502; x_wconf 84' lang='lat' dir='ltr'>actoris</span> 
     </span>
     <span class='ocr_line' id='line_1_11' title="bbox 301 523 2125 568; baseline -0.002 -10"><span class='ocrx_word' id='word_1_70' title='bbox 301 526 414 558; x_wconf 91' lang='lat' dir='ltr'>verbis</span> <span class='ocrx_word' id='word_1_71' title='bbox 436 532 512 558; x_wconf 87' lang='lat' dir='ltr'>utar</span> <span class='ocrx_word' id='word_1_72' title='bbox 526 525 546 563; x_wconf 86' lang='lat'>¹,</span> <span class='ocrx_word' id='word_1_73' title='bbox 569 525 675 568; x_wconf 79' lang='lat' dir='ltr'>rigidi</span> <span class='ocrx_word' id='word_1_74' title='bbox 696 524 830 556; x_wconf 88' lang='lat' dir='ltr'>honesti</span> <span class='ocrx_word' id='word_1_75' title='bbox 854 530 967 556; x_wconf 87' lang='lat' dir='ltr'>tantus</span> <span class='ocrx_word' id='word_1_76' title='bbox 990 524 1189 556; x_wconf 87' lang='lat' dir='ltr'>observator</span> <span class='ocrx_word' id='word_1_77' title='bbox 1205 524 1282 562; x_wconf 83' lang='lat' dir='ltr'>fuit,</span> <span class='ocrx_word' id='word_1_78' title='bbox 1298 530 1337 556; x_wconf 86' lang='lat' dir='ltr'>ut</span> <span class='ocrx_word' id='word_1_79' title='bbox 1351 535 1429 556; x_wconf 89' lang='lat' dir='ltr'>cum</span> <span class='ocrx_word' id='word_1_80' title='bbox 1452 525 1563 556; x_wconf 86' lang='lat' dir='ltr'>videri</span> <span class='ocrx_word' id='word_1_81' title='bbox 1582 525 1624 556; x_wconf 86' lang='lat' dir='ltr'>ab</span> <span class='ocrx_word' id='word_1_82' title='bbox 1641 524 1723 565; x_wconf 90' lang='lat' dir='ltr'>ipsis</span> <span class='ocrx_word' id='word_1_83' title='bbox 1739 524 1842 556; x_wconf 87' lang='lat' dir='ltr'>etiam</span> <span class='ocrx_word' id='word_1_84' title='bbox 1857 523 2125 565; x_wconf 84' lang='lat' dir='ltr'>imperatoribus</span> 
     </span>
     <span class='ocr_line' id='line_1_12' title="bbox 301 576 2125 620; baseline -0.001 -10"><span class='ocrx_word' id='word_1_85' title='bbox 301 586 335 611; x_wconf 89' lang='lat' dir='ltr'>et</span> <span class='ocrx_word' id='word_1_86' title='bbox 358 579 456 611; x_wconf 90' lang='lat' dir='ltr'>huius</span> <span class='ocrx_word' id='word_1_87' title='bbox 478 579 585 610; x_wconf 90' lang='lat' dir='ltr'>seculi</span> <span class='ocrx_word' id='word_1_88' title='bbox 608 577 804 620; x_wconf 87' lang='lat' dir='ltr'>potentibus</span> <span class='ocrx_word' id='word_1_89' title='bbox 828 577 929 619; x_wconf 87' lang='lat' dir='ltr'>longe</span> <span class='ocrx_word' id='word_1_90' title='bbox 953 577 1070 618; x_wconf 88' lang='lat' dir='ltr'>positis</span> <span class='ocrx_word' id='word_1_91' title='bbox 1093 583 1280 618; x_wconf 88' lang='lat' dir='ltr'>optaretur,</span> <span class='ocrx_word' id='word_1_92' title='bbox 1303 577 1476 620; x_wconf 89' lang='lat' dir='ltr'>multaque</span> <span class='ocrx_word' id='word_1_93' title='bbox 1501 588 1542 609; x_wconf 89' lang='lat' dir='ltr'>ex</span> <span class='ocrx_word' id='word_1_94' title='bbox 1559 578 1626 609; x_wconf 92' lang='lat' dir='ltr'>hoc</span> <span class='ocrx_word' id='word_1_95' title='bbox 1643 577 1848 609; x_wconf 88' lang='lat' dir='ltr'>monasterio</span> <span class='ocrx_word' id='word_1_96' title='bbox 1871 576 1963 608; x_wconf 91' lang='lat' dir='ltr'>bona</span> <span class='ocrx_word' id='word_1_97' title='bbox 1985 576 2125 617; x_wconf 89' lang='lat' dir='ltr'>promit-</span> 
     </span>
     <span class='ocr_line' id='line_1_13' title="bbox 299 628 2126 672; baseline -0.002 -8"><span class='ocrx_word' id='word_1_98' title='bbox 299 638 419 670; x_wconf 87' lang='lat' dir='ltr'>terent,</span> <span class='ocrx_word' id='word_1_99' title='bbox 443 633 494 664; x_wconf 90' lang='lat' dir='ltr'>vir</span> <span class='ocrx_word' id='word_1_100' title='bbox 518 637 656 663; x_wconf 89' lang='lat' dir='ltr'>sanctus</span> <span class='ocrx_word' id='word_1_101' title='bbox 678 631 827 667; x_wconf 87' lang='lat' dir='ltr'>rennuit,</span> <span class='ocrx_word' id='word_1_102' title='bbox 850 640 915 662; x_wconf 91' lang='lat' dir='ltr'>nec</span> <span class='ocrx_word' id='word_1_103' title='bbox 938 640 1001 671; x_wconf 90' lang='lat' dir='ltr'>pro</span> <span class='ocrx_word' id='word_1_104' title='bbox 1025 629 1271 671; x_wconf 85' lang='lat' dir='ltr'>temporalibus</span> <span class='ocrx_word' id='word_1_105' title='bbox 1294 630 1397 662; x_wconf 89' lang='lat' dir='ltr'>rebus</span> <span class='ocrx_word' id='word_1_106' title='bbox 1420 642 1440 662; x_wconf 93' lang='lat' dir='ltr'>a</span> <span class='ocrx_word' id='word_1_107' title='bbox 1456 631 1531 662; x_wconf 91' lang='lat' dir='ltr'>Deo</span> <span class='ocrx_word' id='word_1_108' title='bbox 1547 630 1811 672; x_wconf 89' lang='lat' dir='ltr'>procedendum</span> <span class='ocrx_word' id='word_1_109' title='bbox 1828 640 1901 661; x_wconf 88' lang='lat' dir='ltr'>esse</span> <span class='ocrx_word' id='word_1_110' title='bbox 1924 629 2090 661; x_wconf 88' lang='lat' dir='ltr'>iudicavit</span> <span class='ocrx_word' id='word_1_111' title='bbox 2103 628 2126 660; x_wconf 81' lang='lat'>².</span> 
     </span>
     <span class='ocr_line' id='line_1_14' title="bbox 302 682 2126 727; baseline -0.002 -11"><span class='ocrx_word' id='word_1_112' title='bbox 302 686 347 716; x_wconf 93' lang='lat' dir='ltr'>Et</span> <span class='ocrx_word' id='word_1_113' title='bbox 369 685 449 727; x_wconf 90' lang='lat' dir='ltr'>quia</span> <span class='ocrx_word' id='word_1_114' title='bbox 473 695 493 715; x_wconf 89' lang='lat' dir='ltr'>a</span> <span class='ocrx_word' id='word_1_115' title='bbox 515 684 698 721; x_wconf 85' lang='lat' dir='ltr'>nonnullis,</span> <span class='ocrx_word' id='word_1_116' title='bbox 722 683 833 726; x_wconf 85' lang='lat' dir='ltr'>qualis</span> <span class='ocrx_word' id='word_1_117' title='bbox 866 693 981 714; x_wconf 90' lang='lat' dir='ltr'>coram</span> <span class='ocrx_word' id='word_1_118' title='bbox 1010 682 1086 714; x_wconf 89' lang='lat' dir='ltr'>Deo</span> <span class='ocrx_word' id='word_1_119' title='bbox 1109 683 1163 720; x_wconf 87' lang='lat' dir='ltr'>sit,</span> <span class='ocrx_word' id='word_1_120' title='bbox 1188 694 1255 714; x_wconf 91' lang='lat' dir='ltr'>non</span> <span class='ocrx_word' id='word_1_121' title='bbox 1288 683 1451 721; x_wconf 89' lang='lat' dir='ltr'>creditur,</span> <span class='ocrx_word' id='word_1_122' title='bbox 1482 683 1593 726; x_wconf 85' lang='lat' dir='ltr'>qualis</span> <span class='ocrx_word' id='word_1_123' title='bbox 1615 683 1660 714; x_wconf 88' lang='lat' dir='ltr'>sit</span> <span class='ocrx_word' id='word_1_124' title='bbox 1684 683 1727 714; x_wconf 93' lang='lat' dir='ltr'>ab</span> <span class='ocrx_word' id='word_1_125' title='bbox 1749 693 1789 714; x_wconf 89' lang='lat' dir='ltr'>eo</span> <span class='ocrx_word' id='word_1_126' title='bbox 1821 689 1975 714; x_wconf 87' lang='lat' dir='ltr'>ostensus</span> <span class='ocrx_word' id='word_1_127' title='bbox 1998 682 2044 714; x_wconf 88' lang='lat' dir='ltr'>ad</span> <span class='ocrx_word' id='word_1_128' title='bbox 2068 683 2126 713; x_wconf 90' lang='lat' dir='ltr'>de-</span> 
     </span>
     <span class='ocr_line' id='line_1_15' title="bbox 299 735 2121 779; baseline -0.003 -10"><span class='ocrx_word' id='word_1_129' title='bbox 299 743 485 769; x_wconf 82' lang='lat' dir='ltr'>tractorum</span> <span class='ocrx_word' id='word_1_130' title='bbox 510 738 582 769; x_wconf 89' lang='lat' dir='ltr'>eius</span> <span class='ocrx_word' id='word_1_131' title='bbox 605 737 845 769; x_wconf 79' lang='lat' dir='ltr'>confusionem</span> <span class='ocrx_word' id='word_1_132' title='bbox 868 736 1099 777; x_wconf 80' lang='lat' dir='ltr'>proferamus.</span> <span class='ocrx_word' id='word_1_133' title='bbox 1145 735 1248 774; x_wconf 83' lang='lat' dir='ltr'>Nam,</span> <span class='ocrx_word' id='word_1_134' title='bbox 1271 742 1308 767; x_wconf 92' lang='lat' dir='ltr'>ut</span> <span class='ocrx_word' id='word_1_135' title='bbox 1332 736 1543 779; x_wconf 83' lang='lat' dir='ltr'>evangeliste</span> <span class='ocrx_word' id='word_1_136' title='bbox 1567 735 1728 767; x_wconf 86' lang='lat' dir='ltr'>Iohannis</span> <span class='ocrx_word' id='word_1_137' title='bbox 1752 735 1868 766; x_wconf 89' lang='lat' dir='ltr'>verbis</span> <span class='ocrx_word' id='word_1_138' title='bbox 1890 741 1978 773; x_wconf 86' lang='lat' dir='ltr'>utar,</span> <span class='ocrx_word' id='word_1_139' title='bbox 2003 735 2030 766; x_wconf 88' lang='lat' dir='ltr'>si</span> <span class='ocrx_word' id='word_1_140' title='bbox 2053 744 2121 766; x_wconf 90' lang='lat' dir='ltr'>non</span> 
     </span>
     <span class='ocr_line' id='line_1_16' title="bbox 301 787 2126 831; baseline -0.002 -10"><span class='ocrx_word' id='word_1_141' title='bbox 301 796 391 822; x_wconf 89' lang='lat' dir='ltr'>esset</span> <span class='ocrx_word' id='word_1_142' title='bbox 414 800 456 822; x_wconf 89' lang='lat' dir='ltr'>ex</span> <span class='ocrx_word' id='word_1_143' title='bbox 480 791 564 828; x_wconf 93' lang='lat' dir='ltr'>Deo,</span> <span class='ocrx_word' id='word_1_144' title='bbox 588 800 657 821; x_wconf 91' lang='lat' dir='ltr'>non</span> <span class='ocrx_word' id='word_1_145' title='bbox 681 794 795 831; x_wconf 90' lang='lat' dir='ltr'>posset</span> <span class='ocrx_word' id='word_1_146' title='bbox 817 789 936 820; x_wconf 76' lang='lat' dir='ltr'>facere</span> <span class='ocrx_word' id='word_1_147' title='bbox 960 787 1178 831; x_wconf 83' lang='lat' dir='ltr'>quicquam³.</span> <span class='ocrx_word' id='word_1_148' title='bbox 1223 788 1268 820; x_wconf 93' lang='lat' dir='ltr'>Et</span> <span class='ocrx_word' id='word_1_149' title='bbox 1292 789 1383 831; x_wconf 92' lang='lat' dir='ltr'>quia,</span> <span class='ocrx_word' id='word_1_150' title='bbox 1405 794 1442 820; x_wconf 92' lang='lat' dir='ltr'>ut</span> <span class='ocrx_word' id='word_1_151' title='bbox 1467 789 1549 827; x_wconf 84' lang='lat' dir='ltr'>dixi,</span> <span class='ocrx_word' id='word_1_152' title='bbox 1580 789 1711 820; x_wconf 87' lang='lat' dir='ltr'>emulos</span> <span class='ocrx_word' id='word_1_153' title='bbox 1741 788 1854 819; x_wconf 85' lang='lat' dir='ltr'>sancti</span> <span class='ocrx_word' id='word_1_154' title='bbox 1884 788 1948 819; x_wconf 91' lang='lat' dir='ltr'>viri</span> <span class='ocrx_word' id='word_1_155' title='bbox 1980 788 2126 819; x_wconf 76' lang='lat' dir='ltr'>confun-</span> 
     </span>
     <span class='ocr_line' id='line_1_17' title="bbox 301 841 2128 884; baseline -0.002 -10"><span class='ocrx_word' id='word_1_156' title='bbox 301 844 381 876; x_wconf 91' lang='lat' dir='ltr'>dere</span> <span class='ocrx_word' id='word_1_157' title='bbox 406 843 570 884; x_wconf 91' lang='lat' dir='ltr'>cupimus,</span> <span class='ocrx_word' id='word_1_158' title='bbox 594 843 668 874; x_wconf 79' lang='lat' dir='ltr'>fere</span> <span class='ocrx_word' id='word_1_159' title='bbox 693 842 842 874; x_wconf 89' lang='lat' dir='ltr'>omnium</span> <span class='ocrx_word' id='word_1_160' title='bbox 865 841 1106 873; x_wconf 88' lang='lat' dir='ltr'>miraculorum</span> <span class='ocrx_word' id='word_1_161' title='bbox 1130 841 1202 873; x_wconf 87' lang='lat' dir='ltr'>eius</span> <span class='ocrx_word' id='word_1_162' title='bbox 1226 847 1327 873; x_wconf 88' lang='lat' dir='ltr'>testes</span> <span class='ocrx_word' id='word_1_163' title='bbox 1351 842 1507 883; x_wconf 88' lang='lat' dir='ltr'>optimos,</span> <span class='ocrx_word' id='word_1_164' title='bbox 1528 842 1620 873; x_wconf 91' lang='lat' dir='ltr'>viros</span> <span class='ocrx_word' id='word_1_165' title='bbox 1643 841 1807 873; x_wconf 88' lang='lat' dir='ltr'>videlicet</span> <span class='ocrx_word' id='word_1_166' title='bbox 1823 846 1959 872; x_wconf 88' lang='lat' dir='ltr'>sanctos</span> <span class='ocrx_word' id='word_1_167' title='bbox 1975 846 2009 871; x_wconf 91' lang='lat' dir='ltr'>et</span> <span class='ocrx_word' id='word_1_168' title='bbox 2025 850 2128 872; x_wconf 89' lang='lat' dir='ltr'>vene-</span> 
     </span>
     <span class='ocr_line' id='line_1_18' title="bbox 298 893 2126 938; baseline -0.002 -11"><span class='ocrx_word' id='word_1_169' title='bbox 298 896 423 927; x_wconf 88' lang='lat' dir='ltr'>rabiles</span> <span class='ocrx_word' id='word_1_170' title='bbox 445 895 693 938; x_wconf 90' lang='lat' dir='ltr'>produca&#39;mus,</span> <span class='ocrx_word' id='word_1_171' title='bbox 717 905 910 938; x_wconf 87' lang='lat' dir='ltr'>quanquam</span> <span class='ocrx_word' id='word_1_172' title='bbox 933 904 1073 926; x_wconf 89' lang='lat' dir='ltr'>necesse</span> <span class='ocrx_word' id='word_1_173' title='bbox 1097 905 1167 926; x_wconf 88' lang='lat' dir='ltr'>non</span> <span class='ocrx_word' id='word_1_174' title='bbox 1190 900 1280 926; x_wconf 90' lang='lat' dir='ltr'>esset</span> <span class='ocrx_word' id='word_1_175' title='bbox 1304 895 1377 926; x_wconf 82' lang='lat' dir='ltr'>eius</span> <span class='ocrx_word' id='word_1_176' title='bbox 1406 895 1624 926; x_wconf 87' lang='lat' dir='ltr'>sanctitatem</span> <span class='ocrx_word' id='word_1_177' title='bbox 1657 894 1804 936; x_wconf 87' lang='lat' dir='ltr'>probare</span> <span class='ocrx_word' id='word_1_178' title='bbox 1835 893 2020 931; x_wconf 86' lang='lat' dir='ltr'>miraculis,</span> <span class='ocrx_word' id='word_1_179' title='bbox 2051 904 2126 925; x_wconf 89' lang='lat' dir='ltr'>cum</span> 
     </span>
     <span class='ocr_line' id='line_1_19' title="bbox 300 947 2128 990; baseline -0.002 -10"><span class='ocrx_word' id='word_1_180' title='bbox 300 955 428 981; x_wconf 87' lang='lat' dir='ltr'>tantam</span> <span class='ocrx_word' id='word_1_181' title='bbox 453 959 595 990; x_wconf 90' lang='lat' dir='ltr'>operum</span> <span class='ocrx_word' id='word_1_182' title='bbox 621 949 695 980; x_wconf 91' lang='lat' dir='ltr'>eius</span> <span class='ocrx_word' id='word_1_183' title='bbox 717 947 987 990; x_wconf 87' lang='lat' dir='ltr'>magnitudinem</span> <span class='ocrx_word' id='word_1_184' title='bbox 1011 954 1199 979; x_wconf 82' lang='lat' dir='ltr'>teneamus.</span> <span class='ocrx_word' id='word_1_185' title='bbox 1246 947 1363 988; x_wconf 88' lang='lat' dir='ltr'>Opera</span> <span class='ocrx_word' id='word_1_186' title='bbox 1386 957 1534 989; x_wconf 88' lang='lat' dir='ltr'>namque</span> <span class='ocrx_word' id='word_1_187' title='bbox 1550 947 1635 979; x_wconf 88' lang='lat' dir='ltr'>mira</span> <span class='ocrx_word' id='word_1_188' title='bbox 1658 953 1761 989; x_wconf 87' lang='lat' dir='ltr'>atque</span> <span class='ocrx_word' id='word_1_189' title='bbox 1786 947 1941 989; x_wconf 86' lang='lat' dir='ltr'>ingentia</span> <span class='ocrx_word' id='word_1_190' title='bbox 1956 952 2046 985; x_wconf 88' lang='lat' dir='ltr'>sunt,</span> <span class='ocrx_word' id='word_1_191' title='bbox 2062 956 2128 988; x_wconf 87' lang='lat' dir='ltr'>que</span> 
     </span>
     <span class='ocr_line' id='line_1_20' title="bbox 300 998 2131 1044; baseline -0.002 -11"><span class='ocrx_word' id='word_1_192' title='bbox 300 1002 529 1034; x_wconf 86' lang='lat' dir='ltr'>testimonium</span> <span class='ocrx_word' id='word_1_193' title='bbox 553 1001 736 1044; x_wconf 89' lang='lat' dir='ltr'>perhibent</span> <span class='ocrx_word' id='word_1_194' title='bbox 760 1001 802 1033; x_wconf 92' lang='lat' dir='ltr'>de</span> <span class='ocrx_word' id='word_1_195' title='bbox 820 1011 871 1039; x_wconf 89' lang='lat' dir='ltr'>eo,</span> <span class='ocrx_word' id='word_1_196' title='bbox 897 1001 984 1033; x_wconf 88' lang='lat' dir='ltr'>tanti</span> <span class='ocrx_word' id='word_1_197' title='bbox 1008 1001 1220 1032; x_wconf 89' lang='lat' dir='ltr'>constructio</span> <span class='ocrx_word' id='word_1_198' title='bbox 1243 1000 1451 1042; x_wconf 80' lang='lat' dir='ltr'>monasterii,</span> <span class='ocrx_word' id='word_1_199' title='bbox 1467 1006 1564 1033; x_wconf 85' lang='lat' dir='ltr'>tanta</span> <span class='ocrx_word' id='word_1_200' title='bbox 1579 1001 1751 1043; x_wconf 85' lang='lat' dir='ltr'>elegantia</span> <span class='ocrx_word' id='word_1_201' title='bbox 1767 1001 1810 1032; x_wconf 91' lang='lat' dir='ltr'>ab</span> <span class='ocrx_word' id='word_1_202' title='bbox 1829 1010 1870 1032; x_wconf 90' lang='lat' dir='ltr'>eo</span> <span class='ocrx_word' id='word_1_203' title='bbox 1887 1000 2031 1031; x_wconf 77' lang='lat' dir='ltr'>fundate</span> <span class='ocrx_word' id='word_1_204' title='bbox 2049 998 2131 1030; x_wconf 91' lang='lat' dir='ltr'>reli-</span> 
     </span>
     <span class='ocr_line' id='line_1_21' title="bbox 300 1053 2128 1097; baseline -0.002 -11"><span class='ocrx_word' id='word_1_205' title='bbox 300 1055 421 1097; x_wconf 86' lang='lat' dir='ltr'>gionis.</span> <span class='ocrx_word' id='word_1_206' title='bbox 465 1055 564 1096; x_wconf 89' lang='lat' dir='ltr'>Nam,</span> <span class='ocrx_word' id='word_1_207' title='bbox 588 1055 616 1086; x_wconf 90' lang='lat' dir='ltr'>si</span> <span class='ocrx_word' id='word_1_208' title='bbox 638 1056 678 1093; x_wconf 91' lang='lat' dir='ltr'>is,</span> <span class='ocrx_word' id='word_1_209' title='bbox 702 1055 759 1097; x_wconf 92' lang='lat' dir='ltr'>qui</span> <span class='ocrx_word' id='word_1_210' title='bbox 784 1054 932 1096; x_wconf 90' lang='lat' dir='ltr'>aliquem</span> <span class='ocrx_word' id='word_1_211' title='bbox 956 1060 1177 1095; x_wconf 85' lang='lat' dir='ltr'>peccatorem</span> <span class='ocrx_word' id='word_1_212' title='bbox 1200 1053 1423 1091; x_wconf 87' lang='lat' dir='ltr'>converterit,</span> <span class='ocrx_word' id='word_1_213' title='bbox 1447 1053 1699 1086; x_wconf 86' lang='lat' dir='ltr'>multitudinem</span> <span class='ocrx_word' id='word_1_214' title='bbox 1716 1054 1827 1095; x_wconf 86' lang='lat' dir='ltr'>operit</span> <span class='ocrx_word' id='word_1_215' title='bbox 1844 1059 2076 1094; x_wconf 87' lang='lat' dir='ltr'>peccatorum,</span> <span class='ocrx_word' id='word_1_216' title='bbox 2093 1057 2128 1083; x_wconf 87' lang='lat' dir='ltr'>et</span> 
     </span>
     <span class='ocr_line' id='line_1_22' title="bbox 302 1105 2128 1150; baseline -0.002 -11"><span class='ocrx_word' id='word_1_217' title='bbox 302 1108 361 1149; x_wconf 90' lang='lat' dir='ltr'>qui</span> <span class='ocrx_word' id='word_1_218' title='bbox 386 1107 532 1140; x_wconf 87' lang='lat' dir='ltr'>calicem</span> <span class='ocrx_word' id='word_1_219' title='bbox 555 1118 642 1150; x_wconf 90' lang='lat' dir='ltr'>aque</span> <span class='ocrx_word' id='word_1_220' title='bbox 665 1108 796 1150; x_wconf 75' lang='lat' dir='ltr'>frigide</span> <span class='ocrx_word' id='word_1_221' title='bbox 819 1107 945 1139; x_wconf 87' lang='lat' dir='ltr'>sitienti</span> <span class='ocrx_word' id='word_1_222' title='bbox 964 1107 1108 1143; x_wconf 91' lang='lat' dir='ltr'>dederit,</span> <span class='ocrx_word' id='word_1_223' title='bbox 1125 1107 1321 1139; x_wconf 89' lang='lat' dir='ltr'>mercedem</span> <span class='ocrx_word' id='word_1_224' title='bbox 1338 1107 1373 1138; x_wconf 89' lang='lat' dir='ltr'>in</span> <span class='ocrx_word' id='word_1_225' title='bbox 1386 1107 1470 1139; x_wconf 91' lang='lat' dir='ltr'>celis</span> <span class='ocrx_word' id='word_1_226' title='bbox 1486 1105 1590 1138; x_wconf 88' lang='lat' dir='ltr'>habet</span> <span class='ocrx_word' id='word_1_227' title='bbox 1600 1106 1622 1145; x_wconf 85' lang='lat'>⁴,</span> <span class='ocrx_word' id='word_1_228' title='bbox 1640 1113 1766 1149; x_wconf 89' lang='lat' dir='ltr'>quanta</span> <span class='ocrx_word' id='word_1_229' title='bbox 1782 1107 1877 1138; x_wconf 90' lang='lat' dir='ltr'>lucra</span> <span class='ocrx_word' id='word_1_230' title='bbox 1894 1106 2005 1143; x_wconf 87' lang='lat' dir='ltr'>huius,</span> <span class='ocrx_word' id='word_1_231' title='bbox 2023 1116 2128 1148; x_wconf 88' lang='lat' dir='ltr'>quan-</span> 
     </span>
     <span class='ocr_line' id='line_1_23' title="bbox 303 1158 2131 1202; baseline -0.002 -10"><span class='ocrx_word' id='word_1_232' title='bbox 303 1166 355 1192; x_wconf 88' lang='lat' dir='ltr'>tos</span> <span class='ocrx_word' id='word_1_233' title='bbox 378 1162 575 1193; x_wconf 91' lang='lat' dir='ltr'>meritorum</span> <span class='ocrx_word' id='word_1_234' title='bbox 601 1161 753 1192; x_wconf 85' lang='lat' dir='ltr'>cumulos</span> <span class='ocrx_word' id='word_1_235' title='bbox 777 1171 852 1192; x_wconf 87' lang='lat' dir='ltr'>esse</span> <span class='ocrx_word' id='word_1_236' title='bbox 876 1160 1036 1198; x_wconf 88' lang='lat' dir='ltr'>dicimus,</span> <span class='ocrx_word' id='word_1_237' title='bbox 1060 1160 1118 1202; x_wconf 94' lang='lat' dir='ltr'>qui</span> <span class='ocrx_word' id='word_1_238' title='bbox 1140 1166 1208 1192; x_wconf 92' lang='lat' dir='ltr'>tam</span> <span class='ocrx_word' id='word_1_239' title='bbox 1232 1161 1349 1202; x_wconf 84' lang='lat' dir='ltr'>largus</span> <span class='ocrx_word' id='word_1_240' title='bbox 1371 1160 1407 1191; x_wconf 90' lang='lat' dir='ltr'>in</span> <span class='ocrx_word' id='word_1_241' title='bbox 1429 1169 1608 1202; x_wconf 77' lang='lat' dir='ltr'>paupereS,</span> <span class='ocrx_word' id='word_1_242' title='bbox 1625 1165 1693 1191; x_wconf 90' lang='lat' dir='ltr'>tam</span> <span class='ocrx_word' id='word_1_243' title='bbox 1717 1159 1812 1191; x_wconf 90' lang='lat' dir='ltr'>dives</span> <span class='ocrx_word' id='word_1_244' title='bbox 1827 1159 1862 1189; x_wconf 88' lang='lat' dir='ltr'>in</span> <span class='ocrx_word' id='word_1_245' title='bbox 1878 1158 2131 1194; x_wconf 87' lang='lat' dir='ltr'>misericordia,</span> 
     </span>
     <span class='ocr_line' id='line_1_24' title="bbox 302 1211 2130 1255; baseline -0.001 -11"><span class='ocrx_word' id='word_1_246' title='bbox 302 1218 371 1244; x_wconf 85' lang='lat' dir='ltr'>tam</span> <span class='ocrx_word' id='word_1_247' title='bbox 394 1214 564 1247; x_wconf 90' lang='lat' dir='ltr'>studiosus</span> <span class='ocrx_word' id='word_1_248' title='bbox 588 1220 622 1245; x_wconf 89' lang='lat' dir='ltr'>et</span> <span class='ocrx_word' id='word_1_249' title='bbox 645 1215 785 1246; x_wconf 75' lang='lat' dir='ltr'>fervens</span> <span class='ocrx_word' id='word_1_250' title='bbox 809 1213 853 1245; x_wconf 87' lang='lat' dir='ltr'>ad</span> <span class='ocrx_word' id='word_1_251' title='bbox 878 1214 1060 1245; x_wconf 84' lang='lat' dir='ltr'>lucrandas</span> <span class='ocrx_word' id='word_1_252' title='bbox 1091 1214 1222 1245; x_wconf 87' lang='lat' dir='ltr'>animas</span> <span class='ocrx_word' id='word_1_253' title='bbox 1253 1213 1460 1250; x_wconf 91' lang='lat' dir='ltr'>declaratur,</span> <span class='ocrx_word' id='word_1_254' title='bbox 1492 1219 1528 1244; x_wconf 92' lang='lat' dir='ltr'>ut</span> <span class='ocrx_word' id='word_1_255' title='bbox 1551 1212 1703 1255; x_wconf 87' lang='lat' dir='ltr'>quandiu</span> <span class='ocrx_word' id='word_1_256' title='bbox 1733 1212 1868 1250; x_wconf 88' lang='lat' dir='ltr'>vixerit,</span> <span class='ocrx_word' id='word_1_257' title='bbox 1901 1211 2006 1243; x_wconf 91' lang='lat' dir='ltr'>nichil</span> <span class='ocrx_word' id='word_1_258' title='bbox 2038 1211 2130 1242; x_wconf 91' lang='lat' dir='ltr'>aliud</span> 
     </span>
     <span class='ocr_line' id='line_1_25' title="bbox 303 1264 2131 1310; baseline -0.002 -12"><span class='ocrx_word' id='word_1_259' title='bbox 303 1267 423 1308; x_wconf 85' lang='lat' dir='ltr'>egerit,</span> <span class='ocrx_word' id='word_1_260' title='bbox 447 1273 481 1298; x_wconf 91' lang='lat' dir='ltr'>et</span> <span class='ocrx_word' id='word_1_261' title='bbox 504 1267 667 1310; x_wconf 92' lang='lat' dir='ltr'>quamdiu</span> <span class='ocrx_word' id='word_1_262' title='bbox 690 1267 853 1298; x_wconf 82' lang='lat' dir='ltr'>mundus‘</span> <span class='ocrx_word' id='word_1_263' title='bbox 878 1266 1035 1303; x_wconf 90' lang='lat' dir='ltr'>volvitur,</span> <span class='ocrx_word' id='word_1_264' title='bbox 1060 1266 1138 1308; x_wconf 91' lang='lat' dir='ltr'>quia</span> <span class='ocrx_word' id='word_1_265' title='bbox 1162 1267 1196 1297; x_wconf 91' lang='lat' dir='ltr'>in</span> <span class='ocrx_word' id='word_1_266' title='bbox 1221 1276 1263 1297; x_wconf 91' lang='lat' dir='ltr'>eo</span> <span class='ocrx_word' id='word_1_267' title='bbox 1287 1266 1441 1298; x_wconf 89' lang='lat' dir='ltr'>converti</span> <span class='ocrx_word' id='word_1_268' title='bbox 1465 1272 1667 1307; x_wconf 89' lang='lat' dir='ltr'>peccatores</span> <span class='ocrx_word' id='word_1_269' title='bbox 1689 1275 1756 1297; x_wconf 91' lang='lat' dir='ltr'>non</span> <span class='ocrx_word' id='word_1_270' title='bbox 1781 1265 1917 1302; x_wconf 86' lang='lat' dir='ltr'>desinit,</span> <span class='ocrx_word' id='word_1_271' title='bbox 1935 1265 2007 1296; x_wconf 87' lang='lat' dir='ltr'>eius</span> <span class='ocrx_word' id='word_1_272' title='bbox 2029 1264 2131 1295; x_wconf 89' lang='lat' dir='ltr'>meri-</span> 
     </span>
     <span class='ocr_line' id='line_1_26' title="bbox 308 1316 2133 1362; baseline -0.002 -11"><span class='ocrx_word' id='word_1_273' title='bbox 308 1326 377 1351; x_wconf 89' lang='lat' dir='ltr'>tum</span> <span class='ocrx_word' id='word_1_274' title='bbox 402 1330 536 1361; x_wconf 89' lang='lat' dir='ltr'>sempre</span> <span class='ocrx_word' id='word_1_275' title='bbox 561 1319 754 1362; x_wconf 84' lang='lat' dir='ltr'>augeatur?</span> <span class='ocrx_word' id='word_1_276' title='bbox 779 1319 850 1351; x_wconf 86' lang='lat' dir='ltr'>Sed</span> <span class='ocrx_word' id='word_1_277' title='bbox 873 1320 946 1352; x_wconf 85' lang='lat' dir='ltr'>eius</span> <span class='ocrx_word' id='word_1_278' title='bbox 969 1320 1084 1351; x_wconf 87' lang='lat' dir='ltr'>studia</span> <span class='ocrx_word' id='word_1_279' title='bbox 1107 1325 1235 1361; x_wconf 90' lang='lat' dir='ltr'>quanto</span> <span class='ocrx_word' id='word_1_280' title='bbox 1260 1320 1378 1362; x_wconf 85' lang='lat' dir='ltr'>vigore</span> <span class='ocrx_word' id='word_1_281' title='bbox 1402 1319 1603 1356; x_wconf 72' lang='lat' dir='ltr'>fervuerint,</span> <span class='ocrx_word' id='word_1_282' title='bbox 1627 1328 1728 1360; x_wconf 91' lang='lat' dir='ltr'>quam</span> <span class='ocrx_word' id='word_1_283' title='bbox 1744 1318 1882 1350; x_wconf 87' lang='lat' dir='ltr'>scilicet</span> <span class='ocrx_word' id='word_1_284' title='bbox 1896 1318 2001 1349; x_wconf 77' lang='lat' dir='ltr'>fuerit</span> <span class='ocrx_word' id='word_1_285' title='bbox 2018 1316 2133 1358; x_wconf 92' lang='lat' dir='ltr'>pravis</span> 
     </span>
     <span class='ocr_line' id='line_1_27' title="bbox 304 1370 2132 1415; baseline -0.002 -11"><span class='ocrx_word' id='word_1_286' title='bbox 304 1374 442 1415; x_wconf 88' lang='lat' dir='ltr'>rigidus,</span> <span class='ocrx_word' id='word_1_287' title='bbox 466 1384 567 1415; x_wconf 88' lang='lat' dir='ltr'>quam</span> <span class='ocrx_word' id='word_1_288' title='bbox 591 1373 729 1404; x_wconf 86' lang='lat' dir='ltr'>mitibus</span> <span class='ocrx_word' id='word_1_289' title='bbox 753 1372 955 1404; x_wconf 84' lang='lat' dir='ltr'>hu&#39;militate</span> <span class='ocrx_word' id='word_1_290' title='bbox 979 1372 1163 1410; x_wconf 84' lang='lat' dir='ltr'>subiectus,</span> <span class='ocrx_word' id='word_1_291' title='bbox 1187 1373 1268 1414; x_wconf 91' lang='lat' dir='ltr'>quia</span> <span class='ocrx_word' id='word_1_292' title='bbox 1291 1372 1469 1414; x_wconf 86' lang='lat' dir='ltr'>explicare</span> <span class='ocrx_word' id='word_1_293' title='bbox 1493 1372 1634 1414; x_wconf 86' lang='lat' dir='ltr'>longum</span> <span class='ocrx_word' id='word_1_294' title='bbox 1650 1377 1711 1408; x_wconf 90' lang='lat' dir='ltr'>est,</span> <span class='ocrx_word' id='word_1_295' title='bbox 1728 1373 1935 1408; x_wconf 87' lang='lat' dir='ltr'>omittentes,</span> <span class='ocrx_word' id='word_1_296' title='bbox 1952 1381 2052 1412; x_wconf 91' lang='lat' dir='ltr'>quam</span> <span class='ocrx_word' id='word_1_297' title='bbox 2069 1370 2132 1401; x_wconf 89' lang='lat' dir='ltr'>mi-</span> 
     </span>
     <span class='ocr_line' id='line_1_28' title="bbox 303 1423 2132 1467; baseline -0.002 -10"><span class='ocrx_word' id='word_1_298' title='bbox 303 1426 421 1458; x_wconf 87' lang='lat' dir='ltr'>rabilis</span> <span class='ocrx_word' id='word_1_299' title='bbox 443 1426 486 1458; x_wconf 90' lang='lat' dir='ltr'>ab</span> <span class='ocrx_word' id='word_1_300' title='bbox 509 1426 745 1467; x_wconf 88' lang='lat' dir='ltr'>omnipotente</span> <span class='ocrx_word' id='word_1_301' title='bbox 768 1426 843 1457; x_wconf 91' lang='lat' dir='ltr'>Deo</span> <span class='ocrx_word' id='word_1_302' title='bbox 866 1426 981 1467; x_wconf 85' lang='lat' dir='ltr'>potius</span> <span class='ocrx_word' id='word_1_303' title='bbox 1004 1431 1158 1457; x_wconf 87' lang='lat' dir='ltr'>ostensus</span> <span class='ocrx_word' id='word_1_304' title='bbox 1181 1426 1235 1463; x_wconf 89' lang='lat' dir='ltr'>sit,</span> <span class='ocrx_word' id='word_1_305' title='bbox 1259 1425 1448 1457; x_wconf 84' lang='lat' dir='ltr'>videamus.</span> <span class='ocrx_word' id='word_1_306' title='bbox 1495 1425 1608 1457; x_wconf 87' lang='lat' dir='ltr'>Senex</span> <span class='ocrx_word' id='word_1_307' title='bbox 1625 1434 1760 1466; x_wconf 90' lang='lat' dir='ltr'>nanque</span> <span class='ocrx_word' id='word_1_308' title='bbox 1777 1424 1986 1456; x_wconf 87' lang='lat' dir='ltr'>venerabilis</span> <span class='ocrx_word' id='word_1_309' title='bbox 2009 1423 2132 1455; x_wconf 90' lang='lat' dir='ltr'>Petrus</span> 
     </span>
     <span class='ocr_line' id='line_1_29' title="bbox 308 1477 2132 1521; baseline -0.002 -10"><span class='ocrx_word' id='word_1_310' title='bbox 308 1479 508 1520; x_wconf 88' lang='lat' dir='ltr'>Spoletinus</span> <span class='ocrx_word' id='word_1_311' title='bbox 531 1486 566 1511; x_wconf 89' lang='lat' dir='ltr'>et</span> <span class='ocrx_word' id='word_1_312' title='bbox 589 1479 713 1511; x_wconf 90' lang='lat' dir='ltr'>Petrus</span> <span class='ocrx_word' id='word_1_313' title='bbox 735 1478 906 1510; x_wconf 87' lang='lat' dir='ltr'>Troianus</span> <span class='ocrx_word' id='word_1_314' title='bbox 919 1478 940 1516; x_wconf 80' lang='lat'>⁵,</span> <span class='ocrx_word' id='word_1_315' title='bbox 966 1478 1062 1510; x_wconf 90' lang='lat' dir='ltr'>cuius</span> <span class='ocrx_word' id='word_1_316' title='bbox 1092 1478 1266 1521; x_wconf 88' lang='lat' dir='ltr'>religionis</span> <span class='ocrx_word' id='word_1_317' title='bbox 1296 1484 1399 1520; x_wconf 85' lang='lat' dir='ltr'>atque</span> <span class='ocrx_word' id='word_1_318' title='bbox 1431 1478 1584 1510; x_wconf 86' lang='lat' dir='ltr'>veritatis</span> <span class='ocrx_word' id='word_1_319' title='bbox 1613 1477 1754 1514; x_wconf 79' lang='lat' dir='ltr'>fuerint,</span> <span class='ocrx_word' id='word_1_320' title='bbox 1784 1477 1908 1515; x_wconf 81' lang='lat' dir='ltr'>nullus,</span> <span class='ocrx_word' id='word_1_321' title='bbox 1932 1477 1989 1518; x_wconf 91' lang='lat' dir='ltr'>qui</span> <span class='ocrx_word' id='word_1_322' title='bbox 2014 1486 2132 1508; x_wconf 91' lang='lat' dir='ltr'>eorum</span> 
     </span>
     <span class='ocr_line' id='line_1_30' title="bbox 304 1529 2131 1574; baseline -0.002 -11"><span class='ocrx_word' id='word_1_323' title='bbox 304 1538 459 1573; x_wconf 92' lang='lat' dir='ltr'>tempore</span> <span class='ocrx_word' id='word_1_324' title='bbox 483 1532 516 1562; x_wconf 91' lang='lat' dir='ltr'>in</span> <span class='ocrx_word' id='word_1_325' title='bbox 539 1533 747 1564; x_wconf 91' lang='lat' dir='ltr'>monasterio</span> <span class='ocrx_word' id='word_1_326' title='bbox 771 1533 905 1569; x_wconf 90' lang='lat' dir='ltr'>mansit,</span> <span class='ocrx_word' id='word_1_327' title='bbox 929 1532 1115 1574; x_wconf 85' lang='lat' dir='ltr'>ignoravit.</span> <span class='ocrx_word' id='word_1_328' title='bbox 1161 1531 1220 1563; x_wconf 88' lang='lat' dir='ltr'>Hii</span> <span class='ocrx_word' id='word_1_329' title='bbox 1246 1532 1329 1563; x_wconf 89' lang='lat' dir='ltr'>mihi</span> <span class='ocrx_word' id='word_1_330' title='bbox 1350 1541 1490 1563; x_wconf 87' lang='lat' dir='ltr'>narrare</span> <span class='ocrx_word' id='word_1_331' title='bbox 1514 1537 1780 1569; x_wconf 87' lang='lat' dir='ltr'>consueverant,</span> <span class='ocrx_word' id='word_1_332' title='bbox 1805 1530 1886 1573; x_wconf 86' lang='lat' dir='ltr'>quia</span> <span class='ocrx_word' id='word_1_333' title='bbox 1909 1529 2057 1573; x_wconf 87' lang='lat' dir='ltr'>quadam</span> <span class='ocrx_word' id='word_1_334' title='bbox 2075 1529 2131 1560; x_wconf 89' lang='lat' dir='ltr'>die</span> 
     </span>
     <span class='ocr_line' id='line_1_31' title="bbox 304 1582 2131 1625; baseline -0.002 -9"><span class='ocrx_word' id='word_1_335' title='bbox 304 1585 384 1616; x_wconf 92' lang='lat' dir='ltr'>dum</span> <span class='ocrx_word' id='word_1_336' title='bbox 407 1585 613 1616; x_wconf 83' lang='lat' dir='ltr'>monasteria</span> <span class='ocrx_word' id='word_1_337' title='bbox 637 1585 834 1623; x_wconf 88' lang='lat' dir='ltr'>circuirent,</span> <span class='ocrx_word' id='word_1_338' title='bbox 858 1584 1061 1616; x_wconf 85' lang='lat' dir='ltr'>Teresinum</span> <span class='ocrx_word' id='word_1_339' title='bbox 1076 1584 1087 1601; x_wconf 78' lang='lat'>⁸</span> <span class='ocrx_word' id='word_1_340' title='bbox 1110 1595 1186 1616; x_wconf 90' lang='lat' dir='ltr'>cum</span> <span class='ocrx_word' id='word_1_341' title='bbox 1212 1595 1252 1616; x_wconf 93' lang='lat' dir='ltr'>eo</span> <span class='ocrx_word' id='word_1_342' title='bbox 1277 1591 1454 1616; x_wconf 87' lang='lat' dir='ltr'>venerunt.</span> <span class='ocrx_word' id='word_1_343' title='bbox 1502 1583 1552 1616; x_wconf 90' lang='lat' dir='ltr'>Ibi</span> <span class='ocrx_word' id='word_1_344' title='bbox 1577 1594 1672 1625; x_wconf 79' lang='lat' dir='ltr'>vero,</span> <span class='ocrx_word' id='word_1_345' title='bbox 1696 1594 1772 1616; x_wconf 90' lang='lat' dir='ltr'>cum</span> <span class='ocrx_word' id='word_1_346' title='bbox 1795 1584 1830 1614; x_wconf 92' lang='lat' dir='ltr'>in</span> <span class='ocrx_word' id='word_1_347' title='bbox 1854 1583 2004 1615; x_wconf 89' lang='lat' dir='ltr'>ecclesia</span> <span class='ocrx_word' id='word_1_348' title='bbox 2020 1582 2131 1614; x_wconf 88' lang='lat' dir='ltr'>sancti</span> 
     </span>
    </p>
   </div>
   <div class='ocr_carea' id='block_1_8' title="bbox 306 1695 1195 2486">
    <p class='ocr_par' dir='ltr' id='par_1_8' title="bbox 306 1695 1192 1772">
     <span class='ocr_line' id='line_1_32' title="bbox 394 1695 1192 1728; baseline 0 -7"><span class='ocrx_word' id='word_1_349' title='bbox 394 1695 401 1711; x_wconf 87' lang='lat'><em>¹</em></span> <span class='ocrx_word' id='word_1_350' title='bbox 422 1697 574 1721; x_wconf 84' lang='lat' dir='ltr'>“Iustitiae</span> <span class='ocrx_word' id='word_1_351' title='bbox 594 1697 696 1727; x_wconf 85' lang='lat' dir='ltr'>cultor,</span> <span class='ocrx_word' id='word_1_352' title='bbox 717 1697 802 1728; x_wconf 87' lang='lat' dir='ltr'>rigidi</span> <span class='ocrx_word' id='word_1_353' title='bbox 825 1699 953 1721; x_wconf 82' lang='lat' dir='ltr'>servator</span> <span class='ocrx_word' id='word_1_354' title='bbox 972 1697 1083 1721; x_wconf 84' lang='lat' dir='ltr'>honesti</span> <span class='ocrx_word' id='word_1_355' title='bbox 1096 1696 1192 1727; x_wconf 59' lang='lat' dir='ltr'>„gLu-</span> 
     </span>
     <span class='ocr_line' id='line_1_33' title="bbox 306 1739 689 1772; baseline 0 -9"><span class='ocrx_word' id='word_1_356' title='bbox 306 1746 377 1765; x_wconf 55' lang='lat' dir='ltr'>cnm</span> <span class='ocrx_word' id='word_1_357' title='bbox 397 1740 553 1768; x_wconf 78' lang='lat' dir='ltr'>Pharsalia,</span> <span class='ocrx_word' id='word_1_358' title='bbox 573 1739 610 1770; x_wconf 85' lang='lat'>11,</span> <span class='ocrx_word' id='word_1_359' title='bbox 630 1739 689 1772; x_wconf 83' lang='lat'><strong>389.</strong></span> 
     </span>
    </p>

    <p class='ocr_par' dir='ltr' id='par_1_9' title="bbox 306 1780 1195 2486">
     <span class='ocr_line' id='line_1_34' title="bbox 394 1780 1192 1813; baseline 0 -8"><span class='ocrx_word' id='word_1_360' title='bbox 394 1780 404 1796; x_wconf 71' lang='lat'><strong>²</strong></span> <span class='ocrx_word' id='word_1_361' title='bbox 424 1780 529 1809; x_wconf 83' lang='lat' dir='ltr'>Qucsta</span> <span class='ocrx_word' id='word_1_362' title='bbox 550 1784 735 1806; x_wconf 85' lang='lat' dir='ltr'>venerazione</span> <span class='ocrx_word' id='word_1_363' title='bbox 755 1790 769 1806; x_wconf 91' lang='lat' dir='ltr'>e</span> <span class='ocrx_word' id='word_1_364' title='bbox 788 1783 816 1806; x_wconf 80' lang='lat' dir='ltr'>la</span> <span class='ocrx_word' id='word_1_365' title='bbox 835 1782 1026 1806; x_wconf 80' lang='lat' dir='ltr'>benevolenza</span> <span class='ocrx_word' id='word_1_366' title='bbox 1055 1782 1099 1806; x_wconf 84' lang='lat' dir='ltr'>del</span> <span class='ocrx_word' id='word_1_367' title='bbox 1120 1790 1192 1813; x_wconf 82' lang='lat' dir='ltr'>papa</span> 
     </span>
     <span class='ocr_line' id='line_1_35' title="bbox 306 1823 1191 1855; baseline 0 -8"><span class='ocrx_word' id='word_1_368' title='bbox 306 1824 442 1854; x_wconf 80' lang='lat' dir='ltr'>Pasquale</span> <span class='ocrx_word' id='word_1_369' title='bbox 462 1824 495 1854; x_wconf 81' lang='lat'>11,</span> <span class='ocrx_word' id='word_1_370' title='bbox 516 1824 665 1848; x_wconf 81' lang='lat' dir='ltr'>succeduto</span> <span class='ocrx_word' id='word_1_371' title='bbox 686 1825 718 1847; x_wconf 84' lang='lat' dir='ltr'>ad</span> <span class='ocrx_word' id='word_1_372' title='bbox 740 1823 856 1848; x_wconf 88' lang='lat' dir='ltr'>Urbano</span> <span class='ocrx_word' id='word_1_373' title='bbox 877 1824 910 1852; x_wconf 87' lang='grc' dir='ltr'>ΙῘ,</span> <span class='ocrx_word' id='word_1_374' title='bbox 932 1825 959 1848; x_wconf 82' lang='lat' dir='ltr'>fa</span> <span class='ocrx_word' id='word_1_375' title='bbox 973 1832 1043 1855; x_wconf 84' lang='lat' dir='ltr'>poco</span> <span class='ocrx_word' id='word_1_376' title='bbox 1059 1824 1191 1847; x_wconf 78' lang='lat' dir='ltr'>credibili</span> 
     </span>
     <span class='ocr_line' id='line_1_36' title="bbox 307 1865 1193 1897; baseline 0.001 -8"><span class='ocrx_word' id='word_1_377' title='bbox 307 1866 332 1889; x_wconf 88' lang='lat' dir='ltr'>le</span> <span class='ocrx_word' id='word_1_378' title='bbox 352 1866 404 1889; x_wconf 91' lang='lat' dir='ltr'>due</span> <span class='ocrx_word' id='word_1_379' title='bbox 423 1866 498 1889; x_wconf 89' lang='lat' dir='ltr'>bolle</span> <span class='ocrx_word' id='word_1_380' title='bbox 517 1867 547 1890; x_wconf 86' lang='lat' dir='ltr'>di</span> <span class='ocrx_word' id='word_1_381' title='bbox 565 1867 664 1897; x_wconf 90' lang='lat' dir='ltr'>questo</span> <span class='ocrx_word' id='word_1_382' title='bbox 684 1874 699 1890; x_wconf 91' lang='lat' dir='ltr'>a</span> <span class='ocrx_word' id='word_1_383' title='bbox 720 1867 820 1890; x_wconf 85' lang='lat' dir='ltr'>favore</span> <span class='ocrx_word' id='word_1_384' title='bbox 845 1867 872 1890; x_wconf 93' lang='lat' dir='ltr'>di</span> <span class='ocrx_word' id='word_1_385' title='bbox 900 1865 1008 1890; x_wconf 88' lang='lat' dir='ltr'>Alsano</span> <span class='ocrx_word' id='word_1_386' title='bbox 1034 1866 1067 1894; x_wconf 87' lang='grc' dir='ltr'>Π,</span> <span class='ocrx_word' id='word_1_387' title='bbox 1087 1867 1193 1890; x_wconf 85' lang='lat' dir='ltr'>arcive—</span> 
     </span>
     <span class='ocr_line' id='line_1_37' title="bbox 307 1906 1192 1940; baseline 0 -9"><span class='ocrx_word' id='word_1_388' title='bbox 307 1915 393 1932; x_wconf 86' lang='lat' dir='ltr'>scovo</span> <span class='ocrx_word' id='word_1_389' title='bbox 414 1909 442 1932; x_wconf 82' lang='lat' dir='ltr'>di</span> <span class='ocrx_word' id='word_1_390' title='bbox 462 1908 579 1932; x_wconf 87' lang='lat' dir='ltr'>Salerno</span> <span class='ocrx_word' id='word_1_391' title='bbox 604 1906 642 1940; x_wconf 91' lang='lat' dir='ltr'>(v.</span> <span class='ocrx_word' id='word_1_392' title='bbox 669 1908 761 1939; x_wconf 66' lang='lat' dir='ltr'>Kana,</span> <span class='ocrx_word' id='word_1_393' title='bbox 786 1909 869 1932; x_wconf 81' lang='lat' dir='ltr'>Italia</span> <span class='ocrx_word' id='word_1_394' title='bbox 889 1909 1043 1940; x_wconf 78' lang='lat' dir='ltr'>I&#39;onlificia,</span> <span class='ocrx_word' id='word_1_395' title='bbox 1072 1907 1147 1937; x_wconf 86' lang='lat' dir='ltr'>VIII,</span> <span class='ocrx_word' id='word_1_396' title='bbox 1167 1916 1192 1940; x_wconf 93' lang='lat' dir='ltr'>p.</span> 
     </span>
     <span class='ocr_line' id='line_1_38' title="bbox 308 1949 1193 1982; baseline 0.001 -9"><span class='ocrx_word' id='word_1_397' title='bbox 308 1956 366 1981; x_wconf 79' lang='lat'>335,</span> <span class='ocrx_word' id='word_1_398' title='bbox 389 1958 413 1974; x_wconf 94' lang='lat' dir='ltr'>n.</span> <span class='ocrx_word' id='word_1_399' title='bbox 434 1949 476 1981; x_wconf 79' lang='lat'>36,</span> <span class='ocrx_word' id='word_1_400' title='bbox 496 1950 549 1981; x_wconf 82' lang='lat'>37),</span> <span class='ocrx_word' id='word_1_401' title='bbox 570 1951 634 1974; x_wconf 83' lang='lat' dir='ltr'>date</span> <span class='ocrx_word' id='word_1_402' title='bbox 652 1951 680 1974; x_wconf 75' lang='lat' dir='ltr'>In</span> <span class='ocrx_word' id='word_1_403' title='bbox 702 1950 820 1975; x_wconf 68' lang='lat' dir='ltr'>salerno</span> <span class='ocrx_word' id='word_1_404' title='bbox 849 1951 892 1974; x_wconf 90' lang='lat' dir='ltr'>nel</span> <span class='ocrx_word' id='word_1_405' title='bbox 917 1950 990 1982; x_wconf 80' lang='grc'>1098,</span> <span class='ocrx_word' id='word_1_406' title='bbox 1011 1951 1020 1974; x_wconf 91' lang='lat' dir='ltr'>i</span> <span class='ocrx_word' id='word_1_407' title='bbox 1041 1951 1085 1974; x_wconf 71' lang='lat' dir='ltr'>rui</span> <span class='ocrx_word' id='word_1_408' title='bbox 1105 1951 1193 1982; x_wconf 90' lang='lat' dir='ltr'>origi-</span> 
     </span>
     <span class='ocr_line' id='line_1_39' title="bbox 309 1993 1194 2023; baseline 0.001 -8"><span class='ocrx_word' id='word_1_409' title='bbox 309 1993 366 2016; x_wconf 86' lang='lat' dir='ltr'>nali</span> <span class='ocrx_word' id='word_1_410' title='bbox 388 1999 445 2015; x_wconf 90' lang='lat' dir='ltr'>non</span> <span class='ocrx_word' id='word_1_411' title='bbox 465 1993 489 2016; x_wconf 87' lang='lat' dir='ltr'>si</span> <span class='ocrx_word' id='word_1_412' title='bbox 508 2000 694 2023; x_wconf 83' lang='lat' dir='ltr'>conservano,</span> <span class='ocrx_word' id='word_1_413' title='bbox 713 2001 727 2016; x_wconf 88' lang='lat' dir='ltr'>e</span> <span class='ocrx_word' id='word_1_414' title='bbox 753 1993 802 2017; x_wconf 81' lang='lat' dir='ltr'>che</span> <span class='ocrx_word' id='word_1_415' title='bbox 827 1993 1062 2016; x_wconf 83' lang='lat' dir='ltr'>annullerebbero</span> <span class='ocrx_word' id='word_1_416' title='bbox 1089 1995 1156 2016; x_wconf 74' lang='lat' dir='ltr'>tutti</span> <span class='ocrx_word' id='word_1_417' title='bbox 1185 1993 1194 2016; x_wconf 93' lang='lat' dir='ltr'>i</span> 
     </span>
     <span class='ocr_line' id='line_1_40' title="bbox 308 2035 1193 2067; baseline 0 -9"><span class='ocrx_word' id='word_1_418' title='bbox 308 2035 442 2067; x_wconf 86' lang='lat' dir='ltr'>privilegi</span> <span class='ocrx_word' id='word_1_419' title='bbox 463 2037 587 2058; x_wconf 77' lang='lat' dir='ltr'>concessi</span> <span class='ocrx_word' id='word_1_420' title='bbox 609 2035 664 2059; x_wconf 78' lang='lat' dir='ltr'>alla</span> <span class='ocrx_word' id='word_1_421' title='bbox 685 2036 772 2059; x_wconf 73' lang='lat' dir='ltr'>Radia</span> <span class='ocrx_word' id='word_1_422' title='bbox 787 2036 815 2059; x_wconf 77' lang='lat' dir='ltr'>(li</span> <span class='ocrx_word' id='word_1_423' title='bbox 831 2035 907 2060; x_wconf 83' lang='lat' dir='ltr'>Cava</span> <span class='ocrx_word' id='word_1_424' title='bbox 922 2036 957 2059; x_wconf 87' lang='lat' dir='ltr'>da</span> <span class='ocrx_word' id='word_1_425' title='bbox 971 2036 1094 2059; x_wconf 81' lang='lat' dir='ltr'>Urbano.</span> <span class='ocrx_word' id='word_1_426' title='bbox 1128 2036 1193 2059; x_wconf 84' lang='lat' dir='ltr'>Alia</span> 
     </span>
     <span class='ocr_line' id='line_1_41' title="bbox 308 2077 1194 2110; baseline 0.001 -10"><span class='ocrx_word' id='word_1_427' title='bbox 308 2078 436 2100; x_wconf 83' lang='lat' dir='ltr'>distanza</span> <span class='ocrx_word' id='word_1_428' title='bbox 456 2077 483 2100; x_wconf 91' lang='lat' dir='ltr'>di</span> <span class='ocrx_word' id='word_1_429' title='bbox 505 2078 557 2101; x_wconf 88' lang='lat' dir='ltr'>due</span> <span class='ocrx_word' id='word_1_430' title='bbox 577 2078 646 2101; x_wconf 87' lang='lat' dir='ltr'>anni</span> <span class='ocrx_word' id='word_1_431' title='bbox 665 2085 786 2110; x_wconf 84' lang='lat' dir='ltr'>appena,</span> <span class='ocrx_word' id='word_1_432' title='bbox 812 2078 978 2101; x_wconf 83' lang='lat' dir='ltr'>trovandosi</span> <span class='ocrx_word' id='word_1_433' title='bbox 1007 2078 1144 2108; x_wconf 86' lang='lat' dir='ltr'>Pasquale</span> <span class='ocrx_word' id='word_1_434' title='bbox 1171 2077 1194 2101; x_wconf 91' lang='lat' dir='ltr'>II</span> 
     </span>
     <span class='ocr_line' id='line_1_42' title="bbox 307 2118 1194 2151; baseline 0.002 -10"><span class='ocrx_word' id='word_1_435' title='bbox 307 2126 323 2142; x_wconf 81' lang='lat' dir='ltr'>a</span> <span class='ocrx_word' id='word_1_436' title='bbox 342 2118 468 2149; x_wconf 72' lang='lat' dir='ltr'>salerno,</span> <span class='ocrx_word' id='word_1_437' title='bbox 489 2119 510 2142; x_wconf 90' lang='lat' dir='ltr'>il</span> <span class='ocrx_word' id='word_1_438' title='bbox 533 2126 565 2150; x_wconf 81' lang='lat'>30</span> <span class='ocrx_word' id='word_1_439' title='bbox 585 2121 694 2151; x_wconf 83' lang='lat' dir='ltr'>agosto,</span> <span class='ocrx_word' id='word_1_440' title='bbox 716 2120 887 2143; x_wconf 83' lang='lat' dir='ltr'>riconserma</span> <span class='ocrx_word' id='word_1_441' title='bbox 909 2121 915 2143; x_wconf 88' lang='lat' dir='ltr'>i</span> <span class='ocrx_word' id='word_1_442' title='bbox 932 2120 1066 2151; x_wconf 85' lang='lat' dir='ltr'>privilegi</span> <span class='ocrx_word' id='word_1_443' title='bbox 1083 2119 1110 2143; x_wconf 90' lang='lat' dir='ltr'>di</span> <span class='ocrx_word' id='word_1_444' title='bbox 1127 2118 1194 2143; x_wconf 88' lang='lat' dir='ltr'>Gre-</span> 
     </span>
     <span class='ocr_line' id='line_1_43' title="bbox 306 2161 1194 2193; baseline 0.001 -9"><span class='ocrx_word' id='word_1_445' title='bbox 306 2163 388 2192; x_wconf 84' lang='lat' dir='ltr'>gorio</span> <span class='ocrx_word' id='word_1_446' title='bbox 410 2161 459 2185; x_wconf 87' lang='lat' dir='ltr'>VII</span> <span class='ocrx_word' id='word_1_447' title='bbox 480 2170 492 2184; x_wconf 88' lang='lat' dir='ltr'>e</span> <span class='ocrx_word' id='word_1_448' title='bbox 513 2162 626 2185; x_wconf 82' lang='lat' dir='ltr'>Urbano</span> <span class='ocrx_word' id='word_1_449' title='bbox 647 2162 680 2193; x_wconf 81' lang='grc' dir='ltr'>ΙΙ,</span> <span class='ocrx_word' id='word_1_450' title='bbox 709 2170 765 2186; x_wconf 90' lang='lat' dir='ltr'>non</span> <span class='ocrx_word' id='word_1_451' title='bbox 786 2162 960 2186; x_wconf 79' lang='lat' dir='ltr'>ricordando</span> <span class='ocrx_word' id='word_1_452' title='bbox 982 2162 1007 2185; x_wconf 82' lang='lat' dir='ltr'>le</span> <span class='ocrx_word' id='word_1_453' title='bbox 1027 2162 1145 2186; x_wconf 75' lang='lat' dir='ltr'>revoehe</span> <span class='ocrx_word' id='word_1_454' title='bbox 1165 2162 1194 2185; x_wconf 78' lang='lat' dir='ltr'>di</span> 
     </span>
     <span class='ocr_line' id='line_1_44' title="bbox 308 2201 1193 2236; baseline 0.001 -10"><span class='ocrx_word' id='word_1_455' title='bbox 308 2206 406 2234; x_wconf 87' lang='lat' dir='ltr'>questo</span> <span class='ocrx_word' id='word_1_456' title='bbox 433 2201 471 2236; x_wconf 93' lang='lat' dir='ltr'>(v.</span> <span class='ocrx_word' id='word_1_457' title='bbox 498 2203 589 2231; x_wconf 68' lang='lat' dir='ltr'>Ksnn.</span> <span class='ocrx_word' id='word_1_458' title='bbox 615 2208 654 2234; x_wconf 69' lang='lat' dir='ltr'>op.</span> <span class='ocrx_word' id='word_1_459' title='bbox 681 2205 734 2234; x_wconf 80' lang='lat' dir='ltr'>cit.,</span> <span class='ocrx_word' id='word_1_460' title='bbox 755 2213 780 2235; x_wconf 90' lang='lat' dir='ltr'>p.</span> <span class='ocrx_word' id='word_1_461' title='bbox 808 2210 867 2236; x_wconf 80' lang='lat'>324,</span> <span class='ocrx_word' id='word_1_462' title='bbox 888 2212 915 2228; x_wconf 84' lang='lat' dir='ltr'>n.</span> <span class='ocrx_word' id='word_1_463' title='bbox 944 2205 995 2235; x_wconf 74' lang='lat'>19),</span> <span class='ocrx_word' id='word_1_464' title='bbox 1015 2212 1029 2228; x_wconf 83' lang='lat' dir='ltr'>e</span> <span class='ocrx_word' id='word_1_465' title='bbox 1054 2202 1100 2236; x_wconf 58' lang='lat' dir='ltr'>girl</span> <span class='ocrx_word' id='word_1_466' title='bbox 1122 2204 1140 2227; x_wconf 91' lang='lat' dir='ltr'>il</span> <span class='ocrx_word' id='word_1_467' title='bbox 1162 2209 1193 2233; x_wconf 81' lang='lat'>25</span> 
     </span>
     <span class='ocr_line' id='line_1_45' title="bbox 308 2245 1193 2278; baseline 0.001 -10"><span class='ocrx_word' id='word_1_468' title='bbox 308 2246 385 2270; x_wconf 87' lang='lat' dir='ltr'>dello</span> <span class='ocrx_word' id='word_1_469' title='bbox 406 2247 494 2269; x_wconf 81' lang='lat' dir='ltr'>stesso</span> <span class='ocrx_word' id='word_1_470' title='bbox 515 2253 586 2269; x_wconf 84' lang='lat' dir='ltr'>mese</span> <span class='ocrx_word' id='word_1_471' title='bbox 607 2253 655 2269; x_wconf 82' lang='lat' dir='ltr'>san</span> <span class='ocrx_word' id='word_1_472' title='bbox 677 2245 782 2276; x_wconf 83' lang='lat' dir='ltr'>Pietro,</span> <span class='ocrx_word' id='word_1_473' title='bbox 797 2247 895 2270; x_wconf 80' lang='lat' dir='ltr'>abbate</span> <span class='ocrx_word' id='word_1_474' title='bbox 915 2247 943 2270; x_wconf 85' lang='lat' dir='ltr'>di</span> <span class='ocrx_word' id='word_1_475' title='bbox 959 2246 1046 2275; x_wconf 80' lang='lat' dir='ltr'>Cava,</span> <span class='ocrx_word' id='word_1_476' title='bbox 1061 2246 1117 2270; x_wconf 87' lang='lat' dir='ltr'>alla</span> <span class='ocrx_word' id='word_1_477' title='bbox 1132 2254 1193 2278; x_wconf 85' lang='lat' dir='ltr'>pre-</span> 
     </span>
     <span class='ocr_line' id='line_1_46' title="bbox 308 2288 1194 2320; baseline 0.001 -9"><span class='ocrx_word' id='word_1_478' title='bbox 308 2295 388 2311; x_wconf 88' lang='lat' dir='ltr'>senza</span> <span class='ocrx_word' id='word_1_479' title='bbox 409 2288 452 2311; x_wconf 87' lang='lat' dir='ltr'>del</span> <span class='ocrx_word' id='word_1_480' title='bbox 473 2295 546 2319; x_wconf 86' lang='lat' dir='ltr'>papa</span> <span class='ocrx_word' id='word_1_481' title='bbox 565 2296 618 2312; x_wconf 83' lang='lat' dir='ltr'>con</span> <span class='ocrx_word' id='word_1_482' title='bbox 639 2289 705 2312; x_wconf 69' lang='lat' dir='ltr'>altri</span> <span class='ocrx_word' id='word_1_483' title='bbox 723 2291 845 2316; x_wconf 83' lang='lat' dir='ltr'>vescovi,</span> <span class='ocrx_word' id='word_1_484' title='bbox 860 2291 902 2312; x_wconf 85' lang='lat' dir='ltr'>tra</span> <span class='ocrx_word' id='word_1_485' title='bbox 917 2290 959 2312; x_wconf 72' lang='lat' dir='ltr'>cui</span> <span class='ocrx_word' id='word_1_486' title='bbox 981 2289 1099 2318; x_wconf 80' lang='lat' dir='ltr'>Alfano,</span> <span class='ocrx_word' id='word_1_487' title='bbox 1114 2296 1194 2320; x_wconf 86' lang='lat' dir='ltr'>pren—</span> 
     </span>
     <span class='ocr_line' id='line_1_47' title="bbox 309 2328 1193 2361; baseline 0.001 -10"><span class='ocrx_word' id='word_1_488' title='bbox 309 2328 378 2352; x_wconf 80' lang='lat' dir='ltr'>deva</span> <span class='ocrx_word' id='word_1_489' title='bbox 398 2330 476 2361; x_wconf 84' lang='lat' dir='ltr'>parte</span> <span class='ocrx_word' id='word_1_490' title='bbox 497 2328 553 2352; x_wconf 84' lang='lat' dir='ltr'>alla</span> <span class='ocrx_word' id='word_1_491' title='bbox 577 2330 710 2352; x_wconf 83' lang='lat' dir='ltr'>sentenza</span> <span class='ocrx_word' id='word_1_492' title='bbox 737 2330 765 2352; x_wconf 91' lang='lat' dir='ltr'>in</span> <span class='ocrx_word' id='word_1_493' title='bbox 788 2329 885 2353; x_wconf 81' lang='lat' dir='ltr'>favore</span> <span class='ocrx_word' id='word_1_494' title='bbox 912 2329 955 2352; x_wconf 85' lang='lat' dir='ltr'>del</span> <span class='ocrx_word' id='word_1_495' title='bbox 983 2331 1144 2353; x_wconf 83' lang='lat' dir='ltr'>monastero</span> <span class='ocrx_word' id='word_1_496' title='bbox 1165 2329 1193 2352; x_wconf 92' lang='lat' dir='ltr'>di</span> 
     </span>
     <span class='ocr_line' id='line_1_48' title="bbox 308 2369 1193 2403; baseline 0.001 -10"><span class='ocrx_word' id='word_1_497' title='bbox 308 2369 334 2394; x_wconf 85' lang='lat' dir='ltr'>S.</span> <span class='ocrx_word' id='word_1_498' title='bbox 354 2371 479 2394; x_wconf 80' lang='lat' dir='ltr'>Lorenzo</span> <span class='ocrx_word' id='word_1_499' title='bbox 501 2371 528 2394; x_wconf 83' lang='lat' dir='ltr'>di</span> <span class='ocrx_word' id='word_1_500' title='bbox 550 2371 657 2395; x_wconf 72' lang='lat' dir='ltr'>Aversa</span> <span class='ocrx_word' id='word_1_501' title='bbox 678 2373 778 2395; x_wconf 87' lang='lat' dir='ltr'>contro</span> <span class='ocrx_word' id='word_1_502' title='bbox 794 2371 815 2394; x_wconf 89' lang='lat' dir='ltr'>il</span> <span class='ocrx_word' id='word_1_503' title='bbox 836 2378 957 2395; x_wconf 80' lang='lat' dir='ltr'>vescovo</span> <span class='ocrx_word' id='word_1_504' title='bbox 972 2371 1000 2394; x_wconf 88' lang='lat' dir='ltr'>di</span> <span class='ocrx_word' id='word_1_505' title='bbox 1016 2370 1136 2395; x_wconf 83' lang='lat' dir='ltr'>Caiazzo</span> <span class='ocrx_word' id='word_1_506' title='bbox 1156 2371 1193 2403; x_wconf 86' lang='lat' dir='ltr'>(v.</span> 
     </span>
     <span class='ocr_line' id='line_1_49' title="bbox 309 2411 1195 2444; baseline 0 -9"><span class='ocrx_word' id='word_1_507' title='bbox 309 2412 396 2443; x_wconf 68' lang='lat' dir='ltr'>Regii</span> <span class='ocrx_word' id='word_1_508' title='bbox 418 2413 599 2442; x_wconf 56' lang='lat' dir='ltr'>iVeapolitnm&#39;</span> <span class='ocrx_word' id='word_1_509' title='bbox 622 2413 749 2436; x_wconf 69' lang='lat' dir='ltr'>Arclu&#39;vii</span> <span class='ocrx_word' id='word_1_510' title='bbox 774 2417 945 2443; x_wconf 78' lang='lat' dir='ltr'>monumenta,</span> <span class='ocrx_word' id='word_1_511' title='bbox 966 2412 1096 2444; x_wconf 76' lang='lat' dir='ltr'>Neapoli,</span> <span class='ocrx_word' id='word_1_512' title='bbox 1120 2411 1195 2444; x_wconf 80' lang='lat'>1857,</span> 
     </span>
     <span class='ocr_line' id='line_1_50' title="bbox 308 2455 1194 2486; baseline 0.001 -9"><span class='ocrx_word' id='word_1_513' title='bbox 308 2462 335 2485; x_wconf 86' lang='lat' dir='ltr'>p.</span> <span class='ocrx_word' id='word_1_514' title='bbox 356 2456 413 2482; x_wconf 69' lang='lat'>201,</span> <span class='ocrx_word' id='word_1_515' title='bbox 434 2462 447 2478; x_wconf 85' lang='lat' dir='ltr'>e</span> <span class='ocrx_word' id='word_1_516' title='bbox 467 2456 526 2486; x_wconf 79' lang='lat' dir='ltr'>xv).</span> <span class='ocrx_word' id='word_1_517' title='bbox 563 2455 592 2479; x_wconf 89' lang='lat' dir='ltr'>Si</span> <span class='ocrx_word' id='word_1_518' title='bbox 615 2457 676 2479; x_wconf 87' lang='lat' dir='ltr'>noti</span> <span class='ocrx_word' id='word_1_519' title='bbox 698 2456 747 2479; x_wconf 84' lang='lat' dir='ltr'>che</span> <span class='ocrx_word' id='word_1_520' title='bbox 768 2455 843 2479; x_wconf 86' lang='lat' dir='ltr'>nella</span> <span class='ocrx_word' id='word_1_521' title='bbox 863 2456 939 2478; x_wconf 88' lang='lat' dir='ltr'>bolla</span> <span class='ocrx_word' id='word_1_522' title='bbox 967 2455 993 2478; x_wconf 87' lang='lat' dir='ltr'>di</span> <span class='ocrx_word' id='word_1_523' title='bbox 1014 2455 1149 2486; x_wconf 84' lang='lat' dir='ltr'>Pasquale</span> <span class='ocrx_word' id='word_1_524' title='bbox 1169 2455 1194 2478; x_wconf 92' lang='grc' dir='ltr'>ΙΙ</span> 
     </span>
    </p>
   </div>
   <div class='ocr_carea' id='block_1_9' title="bbox 249 2496 1194 2529">
    <p class='ocr_par' dir='ltr' id='par_1_10' title="bbox 249 2496 1194 2529">
     <span class='ocr_line' id='line_1_51' title="bbox 249 2496 1194 2529; baseline 0.001 -10"><span class='ocrx_word' id='word_1_525' title='bbox 249 2502 260 2519; x_wconf 78' lang='lat'>2</span> <span class='ocrx_word' id='word_1_526' title='bbox 308 2503 380 2519; x_wconf 89' lang='lat' dir='ltr'>sono</span> <span class='ocrx_word' id='word_1_527' title='bbox 399 2499 619 2529; x_wconf 75' lang='lat' dir='ltr'>espressamente</span> <span class='ocrx_word' id='word_1_528' title='bbox 642 2498 788 2521; x_wconf 84' lang='lat' dir='ltr'>nominate</span> <span class='ocrx_word' id='word_1_529' title='bbox 809 2498 833 2520; x_wconf 89' lang='lat' dir='ltr'>le</span> <span class='ocrx_word' id='word_1_530' title='bbox 853 2498 944 2520; x_wconf 85' lang='lat' dir='ltr'>chiese</span> <span class='ocrx_word' id='word_1_531' title='bbox 965 2498 1075 2520; x_wconf 76' lang='lat' dir='ltr'>cavensi</span> <span class='ocrx_word' id='word_1_532' title='bbox 1097 2497 1127 2520; x_wconf 89' lang='lat' dir='ltr'>in</span> <span class='ocrx_word' id='word_1_533' title='bbox 1147 2496 1194 2520; x_wconf 85' lang='lat' dir='ltr'>Sa·</span> 
     </span>
    </p>
   </div>
   <div class='ocr_carea' id='block_1_10' title="bbox 249 2713 280 2738">
    <p class='ocr_par' dir='ltr' id='par_1_11' title="bbox 249 2713 280 2738">
     <span class='ocr_line' id='line_1_52' title="bbox 249 2713 280 2738; baseline 0 0"><span class='ocrx_word' id='word_1_534' title='bbox 249 2713 280 2738; x_wconf 83' lang='lat'>25</span> 
     </span>
    </p>
   </div>
   <div class='ocr_carea' id='block_1_11' title="bbox 251 2925 284 2949">
    <p class='ocr_par' dir='ltr' id='par_1_12' title="bbox 251 2925 284 2949">
     <span class='ocr_line' id='line_1_53' title="bbox 251 2925 284 2949; baseline 0 -7"><span class='ocrx_word' id='word_1_535' title='bbox 251 2925 284 2949; x_wconf 80' lang='lat'>30</span> 
     </span>
    </p>
   </div>
   <div class='ocr_carea' id='block_1_12' title="bbox 304 2538 1197 2991">
    <p class='ocr_par' dir='ltr' id='par_1_13' title="bbox 304 2538 1197 2991">
     <span class='ocr_line' id='line_1_54' title="bbox 309 2538 1194 2569; baseline 0.001 -8"><span class='ocrx_word' id='word_1_536' title='bbox 309 2539 400 2567; x_wconf 84' lang='lat' dir='ltr'>lerno,</span> <span class='ocrx_word' id='word_1_537' title='bbox 419 2538 444 2562; x_wconf 91' lang='lat' dir='ltr'>S.</span> <span class='ocrx_word' id='word_1_538' title='bbox 465 2539 576 2567; x_wconf 70' lang='lat' dir='ltr'>Nicola,</span> <span class='ocrx_word' id='word_1_539' title='bbox 597 2540 623 2564; x_wconf 91' lang='lat' dir='ltr'>S.</span> <span class='ocrx_word' id='word_1_540' title='bbox 644 2539 780 2563; x_wconf 85' lang='lat' dir='ltr'>Massimo</span> <span class='ocrx_word' id='word_1_541' title='bbox 794 2547 807 2563; x_wconf 91' lang='lat' dir='ltr'>e</span> <span class='ocrx_word' id='word_1_542' title='bbox 823 2540 849 2563; x_wconf 90' lang='lat' dir='ltr'>S.</span> <span class='ocrx_word' id='word_1_543' title='bbox 867 2539 940 2563; x_wconf 83' lang='lat' dir='ltr'>Sofia</span> <span class='ocrx_word' id='word_1_544' title='bbox 954 2539 991 2569; x_wconf 92' lang='lat' dir='ltr'>(v.</span> <span class='ocrx_word' id='word_1_545' title='bbox 1006 2540 1194 2569; x_wconf 73' lang='lat' dir='ltr'>GmLLAUME,</span> 
     </span>
     <span class='ocr_line' id='line_1_55' title="bbox 311 2580 1194 2613; baseline 0 -9"><span class='ocrx_word' id='word_1_546' title='bbox 311 2582 392 2607; x_wconf 78' lang='lat' dir='ltr'>Essai</span> <span class='ocrx_word' id='word_1_547' title='bbox 410 2583 471 2610; x_wconf 56' lang='lat' dir='ltr'>etta,</span> <span class='ocrx_word' id='word_1_548' title='bbox 490 2582 573 2613; x_wconf 66' lang='lat' dir='ltr'>App„</span> <span class='ocrx_word' id='word_1_549' title='bbox 595 2590 621 2613; x_wconf 83' lang='lat' dir='ltr'>p.</span> <span class='ocrx_word' id='word_1_550' title='bbox 640 2580 740 2611; x_wconf 79' lang='lat' dir='ltr'>xxul).</span> <span class='ocrx_word' id='word_1_551' title='bbox 776 2582 868 2613; x_wconf 88' lang='lat' dir='ltr'>Segno</span> <span class='ocrx_word' id='word_1_552' title='bbox 889 2581 995 2613; x_wconf 85' lang='lat' dir='ltr'>grande</span> <span class='ocrx_word' id='word_1_553' title='bbox 1015 2581 1090 2605; x_wconf 88' lang='lat' dir='ltr'>della</span> <span class='ocrx_word' id='word_1_554' title='bbox 1111 2583 1194 2605; x_wconf 87' lang='lat' dir='ltr'>stima</span> 
     </span>
     <span class='ocr_line' id='line_1_56' title="bbox 309 2623 1193 2655; baseline 0.001 -9"><span class='ocrx_word' id='word_1_555' title='bbox 309 2623 353 2646; x_wconf 87' lang='lat' dir='ltr'>del</span> <span class='ocrx_word' id='word_1_556' title='bbox 374 2631 446 2655; x_wconf 87' lang='lat' dir='ltr'>papa</span> <span class='ocrx_word' id='word_1_557' title='bbox 466 2631 514 2654; x_wconf 83' lang='lat' dir='ltr'>per</span> <span class='ocrx_word' id='word_1_558' title='bbox 534 2631 583 2648; x_wconf 85' lang='lat' dir='ltr'>san</span> <span class='ocrx_word' id='word_1_559' title='bbox 603 2623 698 2648; x_wconf 86' lang='lat' dir='ltr'>Pietro</span> <span class='ocrx_word' id='word_1_560' title='bbox 719 2623 733 2648; x_wconf 77' lang='grc' dir='ltr'>ὲ</span> <span class='ocrx_word' id='word_1_561' title='bbox 753 2625 842 2647; x_wconf 86' lang='lat' dir='ltr'>anche</span> <span class='ocrx_word' id='word_1_562' title='bbox 862 2623 990 2655; x_wconf 79' lang='lat' dir='ltr'>l&#39;avergli</span> <span class='ocrx_word' id='word_1_563' title='bbox 1017 2626 1193 2655; x_wconf 82' lang='lat' dir='ltr'>consegnato</span> 
     </span>
     <span class='ocr_line' id='line_1_57' title="bbox 309 2664 1194 2697; baseline 0.001 -10"><span class='ocrx_word' id='word_1_564' title='bbox 309 2664 338 2687; x_wconf 90' lang='lat' dir='ltr'>in</span> <span class='ocrx_word' id='word_1_565' title='bbox 365 2665 494 2688; x_wconf 85' lang='lat' dir='ltr'>custodia</span> <span class='ocrx_word' id='word_1_566' title='bbox 522 2666 678 2697; x_wconf 82' lang='lat' dir='ltr'>l’antipapa</span> <span class='ocrx_word' id='word_1_567' title='bbox 705 2665 869 2689; x_wconf 84' lang='lat' dir='ltr'>Teodorico</span> <span class='ocrx_word' id='word_1_568' title='bbox 897 2665 1046 2696; x_wconf 88' lang='lat' dir='ltr'>(Silvestro</span> <span class='ocrx_word' id='word_1_569' title='bbox 1074 2665 1124 2696; x_wconf 94' lang='grc' dir='ltr'>ΙΙΙ)</span> <span class='ocrx_word' id='word_1_570' title='bbox 1150 2665 1194 2688; x_wconf 87' lang='lat' dir='ltr'>nel</span> 
     </span>
     <span class='ocr_line' id='line_1_58' title="bbox 312 2706 1195 2737; baseline 0.001 -9"><span class='ocrx_word' id='word_1_571' title='bbox 312 2712 374 2728; x_wconf 85' lang='grc'>1101</span> <span class='ocrx_word' id='word_1_572' title='bbox 399 2706 471 2729; x_wconf 74' lang='lat' dir='ltr'>fatto</span> <span class='ocrx_word' id='word_1_573' title='bbox 492 2707 670 2737; x_wconf 83' lang='lat' dir='ltr'>prigioniero</span> <span class='ocrx_word' id='word_1_574' title='bbox 690 2707 735 2730; x_wconf 89' lang='lat' dir='ltr'>dai</span> <span class='ocrx_word' id='word_1_575' title='bbox 758 2706 842 2729; x_wconf 73' lang='lat' dir='ltr'>fedeli</span> <span class='ocrx_word' id='word_1_576' title='bbox 870 2706 914 2729; x_wconf 88' lang='lat' dir='ltr'>del</span> <span class='ocrx_word' id='word_1_577' title='bbox 935 2713 1007 2737; x_wconf 88' lang='lat' dir='ltr'>papa</span> <span class='ocrx_word' id='word_1_578' title='bbox 1028 2708 1065 2736; x_wconf 80' lang='lat' dir='ltr'>(v.</span> <span class='ocrx_word' id='word_1_579' title='bbox 1095 2707 1195 2729; x_wconf 81' lang='lat' dir='ltr'>Annal.</span> 
     </span>
     <span class='ocr_line' id='line_1_59' title="bbox 312 2747 1195 2779; baseline -0.001 -8"><span class='ocrx_word' id='word_1_580' title='bbox 312 2749 396 2776; x_wconf 63' lang='lat' dir='ltr'>Rom„</span> <span class='ocrx_word' id='word_1_581' title='bbox 422 2748 451 2771; x_wconf 84' lang='lat' dir='ltr'>in</span> <span class='ocrx_word' id='word_1_582' title='bbox 474 2748 546 2772; x_wconf 79' lang='lat' dir='ltr'><em>Mon.</em></span> <span class='ocrx_word' id='word_1_583' title='bbox 573 2749 659 2772; x_wconf 75' lang='lat' dir='ltr'>Germ.</span> <span class='ocrx_word' id='word_1_584' title='bbox 687 2749 746 2776; x_wconf 69' lang='lat' dir='ltr'>SS,</span> <span class='ocrx_word' id='word_1_585' title='bbox 772 2747 806 2777; x_wconf 80' lang='lat' dir='ltr'>V,</span> <span class='ocrx_word' id='word_1_586' title='bbox 832 2753 898 2779; x_wconf 80' lang='lat'>477;</span> <span class='ocrx_word' id='word_1_587' title='bbox 920 2748 1092 2776; x_wconf 74' lang='lat' dir='ltr'>DUCHESNE,</span> <span class='ocrx_word' id='word_1_588' title='bbox 1114 2748 1195 2771; x_wconf 80' lang='lat' dir='ltr'>Liber</span> 
     </span>
     <span class='ocr_line' id='line_1_60' title="bbox 304 2789 1196 2822; baseline -0.001 -9"><span class='ocrx_word' id='word_1_589' title='bbox 304 2790 480 2821; x_wconf 57' lang='lat' dir='ltr'>panificum,</span> <span class='ocrx_word' id='word_1_590' title='bbox 500 2789 533 2817; x_wconf 85' lang='lat'>11,</span> <span class='ocrx_word' id='word_1_591' title='bbox 560 2798 585 2822; x_wconf 92' lang='lat' dir='ltr'>p.</span> <span class='ocrx_word' id='word_1_592' title='bbox 612 2796 676 2821; x_wconf 76' lang='lat'>3453</span> <span class='ocrx_word' id='word_1_593' title='bbox 704 2790 879 2813; x_wconf 72' lang='lat' dir='ltr'>PANutJLpiu</span> <span class='ocrx_word' id='word_1_594' title='bbox 911 2789 971 2813; x_wconf 79' lang='lat' dir='ltr'>Vila</span> <span class='ocrx_word' id='word_1_595' title='bbox 993 2790 1136 2813; x_wconf 77' lang='lat' dir='ltr'>Paschalis</span> <span class='ocrx_word' id='word_1_596' title='bbox 1161 2790 1196 2818; x_wconf 86' lang='lat' dir='ltr'>ll,</span> 
     </span>
     <span class='ocr_line' id='line_1_61' title="bbox 309 2830 1196 2863; baseline -0.001 -8"><span class='ocrx_word' id='word_1_597' title='bbox 309 2832 343 2861; x_wconf 86' lang='lat'>11,</span> <span class='ocrx_word' id='word_1_598' title='bbox 363 2840 388 2863; x_wconf 83' lang='lat' dir='ltr'>p.</span> <span class='ocrx_word' id='word_1_599' title='bbox 410 2832 481 2862; x_wconf 76' lang='lat'>298).</span> <span class='ocrx_word' id='word_1_600' title='bbox 519 2832 704 2862; x_wconf 77' lang='lat' dir='ltr'>Egualmente</span> <span class='ocrx_word' id='word_1_601' title='bbox 725 2833 848 2856; x_wconf 83' lang='lat' dir='ltr'>Callisto</span> <span class='ocrx_word' id='word_1_602' title='bbox 870 2832 893 2855; x_wconf 91' lang='lat'>11</span> <span class='ocrx_word' id='word_1_603' title='bbox 909 2832 953 2855; x_wconf 81' lang='lat' dir='ltr'>nel</span> <span class='ocrx_word' id='word_1_604' title='bbox 977 2830 1042 2855; x_wconf 79' lang='lat'>1118</span> <span class='ocrx_word' id='word_1_605' title='bbox 1063 2830 1166 2855; x_wconf 74' lang='lat' dir='ltr'>mando</span> <span class='ocrx_word' id='word_1_606' title='bbox 1181 2838 1196 2855; x_wconf 76' lang='lat' dir='ltr'>a</span> 
     </span>
     <span class='ocr_line' id='line_1_62' title="bbox 311 2873 1197 2906; baseline 0 -9"><span class='ocrx_word' id='word_1_607' title='bbox 311 2873 389 2897; x_wconf 82' lang='lat' dir='ltr'>Cava</span> <span class='ocrx_word' id='word_1_608' title='bbox 404 2874 497 2897; x_wconf 83' lang='lat' dir='ltr'>l’altro</span> <span class='ocrx_word' id='word_1_609' title='bbox 509 2876 643 2906; x_wconf 75' lang='lat' dir='ltr'>antipapa</span> <span class='ocrx_word' id='word_1_610' title='bbox 656 2875 794 2898; x_wconf 79' lang='lat' dir='ltr'>Maurizio</span> <span class='ocrx_word' id='word_1_611' title='bbox 806 2875 933 2897; x_wconf 74' lang='lat' dir='ltr'>BurdIno</span> <span class='ocrx_word' id='word_1_612' title='bbox 944 2873 1098 2905; x_wconf 86' lang='lat' dir='ltr'>(Gregorio</span> <span class='ocrx_word' id='word_1_613' title='bbox 1110 2873 1197 2904; x_wconf 85' lang='lat' dir='ltr'>VIII),</span> 
     </span>
     <span class='ocr_line' id='line_1_63' title="bbox 312 2914 1197 2948; baseline 0 -9"><span class='ocrx_word' id='word_1_614' title='bbox 312 2917 359 2939; x_wconf 81' lang='lat' dir='ltr'>che</span> <span class='ocrx_word' id='word_1_615' title='bbox 379 2923 445 2947; x_wconf 80' lang='lat' dir='ltr'>pare</span> <span class='ocrx_word' id='word_1_616' title='bbox 465 2917 493 2940; x_wconf 85' lang='lat' dir='ltr'>vi</span> <span class='ocrx_word' id='word_1_617' title='bbox 513 2917 665 2940; x_wconf 85' lang='lat' dir='ltr'>rimanesse</span> <span class='ocrx_word' id='word_1_618' title='bbox 680 2917 762 2941; x_wconf 85' lang='lat' dir='ltr'>molti</span> <span class='ocrx_word' id='word_1_619' title='bbox 778 2916 856 2946; x_wconf 75' lang='lat' dir='ltr'>anni,</span> <span class='ocrx_word' id='word_1_620' title='bbox 871 2914 968 2948; x_wconf 74' lang='lat' dir='ltr'>perche</span> <span class='ocrx_word' id='word_1_621' title='bbox 983 2917 1027 2939; x_wconf 89' lang='lat' dir='ltr'>nel</span> <span class='ocrx_word' id='word_1_622' title='bbox 1045 2923 1108 2948; x_wconf 84' lang='lat'>1137</span> <span class='ocrx_word' id='word_1_623' title='bbox 1123 2916 1197 2939; x_wconf 86' lang='lat' dir='ltr'>l&#39;im-</span> 
     </span>
     <span class='ocr_line' id='line_1_64' title="bbox 312 2959 1197 2991; baseline 0 -10"><span class='ocrx_word' id='word_1_624' title='bbox 312 2961 442 2991; x_wconf 83' lang='lat' dir='ltr'>peratore</span> <span class='ocrx_word' id='word_1_625' title='bbox 463 2959 590 2989; x_wconf 83' lang='lat' dir='ltr'>Lotario,</span> <span class='ocrx_word' id='word_1_626' title='bbox 610 2960 653 2982; x_wconf 88' lang='lat' dir='ltr'>col</span> <span class='ocrx_word' id='word_1_627' title='bbox 675 2967 815 2991; x_wconf 81' lang='lat' dir='ltr'>permesso</span> <span class='ocrx_word' id='word_1_628' title='bbox 841 2959 885 2982; x_wconf 89' lang='lat' dir='ltr'>del</span> <span class='ocrx_word' id='word_1_629' title='bbox 907 2966 988 2990; x_wconf 84' lang='lat' dir='ltr'>papa,</span> <span class='ocrx_word' id='word_1_630' title='bbox 1011 2959 1131 2981; x_wconf 85' lang='lat' dir='ltr'>richiese</span> <span class='ocrx_word' id='word_1_631' title='bbox 1159 2959 1197 2982; x_wconf 89' lang='lat' dir='ltr'>a]-</span> 
     </span>
    </p>
   </div>
   <div class='ocr_carea' id='block_1_13' title="bbox 1245 1694 2134 2989">
    <p class='ocr_par' dir='ltr' id='par_1_14' title="bbox 1245 1694 2134 2611">
     <span class='ocr_line' id='line_1_65' title="bbox 1247 1694 2132 1727; baseline -0.003 -7"><span class='ocrx_word' id='word_1_632' title='bbox 1247 1696 1366 1720; x_wconf 80' lang='lat' dir='ltr'>l’abbate</span> <span class='ocrx_word' id='word_1_633' title='bbox 1380 1696 1408 1720; x_wconf 90' lang='lat' dir='ltr'>di</span> <span class='ocrx_word' id='word_1_634' title='bbox 1424 1694 1511 1726; x_wconf 83' lang='lat' dir='ltr'>Cava,</span> <span class='ocrx_word' id='word_1_635' title='bbox 1524 1696 1663 1724; x_wconf 83' lang='lat' dir='ltr'>simeone,</span> <span class='ocrx_word' id='word_1_636' title='bbox 1677 1696 1705 1719; x_wconf 92' lang='lat' dir='ltr'>di</span> <span class='ocrx_word' id='word_1_637' title='bbox 1721 1696 1862 1719; x_wconf 83' lang='lat' dir='ltr'>rivederlo</span> <span class='ocrx_word' id='word_1_638' title='bbox 1875 1698 1913 1727; x_wconf 64' lang='lat' dir='ltr'>(v.</span> <span class='ocrx_word' id='word_1_639' title='bbox 1928 1696 2027 1718; x_wconf 79' lang='lat' dir='ltr'>Annal.</span> <span class='ocrx_word' id='word_1_640' title='bbox 2049 1695 2132 1724; x_wconf 65' lang='lat' dir='ltr'>Rom„</span> 
     </span>
     <span class='ocr_line' id='line_1_66' title="bbox 1248 1736 2134 1770; baseline -0.003 -8"><span class='ocrx_word' id='word_1_641' title='bbox 1248 1741 1277 1762; x_wconf 88' lang='lat' dir='ltr'>in</span> <span class='ocrx_word' id='word_1_642' title='bbox 1299 1739 1369 1762; x_wconf 80' lang='lat' dir='ltr'>Mon.</span> <span class='ocrx_word' id='word_1_643' title='bbox 1397 1739 1483 1762; x_wconf 78' lang='lat' dir='ltr'>Germ.</span> <span class='ocrx_word' id='word_1_644' title='bbox 1506 1738 1565 1768; x_wconf 62' lang='lat' dir='ltr'>SS„</span> <span class='ocrx_word' id='word_1_645' title='bbox 1587 1738 1620 1768; x_wconf 91' lang='lat' dir='ltr'>V,</span> <span class='ocrx_word' id='word_1_646' title='bbox 1641 1744 1704 1770; x_wconf 78' lang='lat'><strong>479;</strong></span> <span class='ocrx_word' id='word_1_647' title='bbox 1725 1738 1894 1767; x_wconf 67' lang='lat' dir='ltr'>Ducnasmz,</span> <span class='ocrx_word' id='word_1_648' title='bbox 1915 1738 1974 1761; x_wconf 81' lang='lat' dir='ltr'>Lib.</span> <span class='ocrx_word' id='word_1_649' title='bbox 1994 1737 2081 1766; x_wconf 60' lang='lat' dir='ltr'>Pom„</span> <span class='ocrx_word' id='word_1_650' title='bbox 2100 1736 2134 1764; x_wconf 89' lang='lat'>11,</span> 
     </span>
     <span class='ocr_line' id='line_1_67' title="bbox 1247 1779 2134 1812; baseline -0.003 -8"><span class='ocrx_word' id='word_1_651' title='bbox 1247 1787 1307 1812; x_wconf 78' lang='lat'>323,</span> <span class='ocrx_word' id='word_1_652' title='bbox 1333 1780 1393 1811; x_wconf 79' lang='lat'>348,</span> <span class='ocrx_word' id='word_1_653' title='bbox 1415 1779 1482 1811; x_wconf 76' lang='lat'><strong>3783</strong></span> <span class='ocrx_word' id='word_1_654' title='bbox 1510 1779 1678 1804; x_wconf 71' lang='lat' dir='ltr'>ORDERICUS</span> <span class='ocrx_word' id='word_1_655' title='bbox 1697 1779 1828 1810; x_wconf 74' lang='lat' dir='ltr'>VITAms,</span> <span class='ocrx_word' id='word_1_656' title='bbox 1849 1781 1877 1803; x_wconf 89' lang='lat' dir='ltr'>in</span> <span class='ocrx_word' id='word_1_657' title='bbox 1898 1780 2015 1804; x_wconf 64' lang='lat' dir='ltr'>lisanum.</span> <span class='ocrx_word' id='word_1_658' title='bbox 2048 1780 2134 1802; x_wconf 55' lang='lat' dir='ltr'>(ferm.</span> 
     </span>
     <span class='ocr_line' id='line_1_68' title="bbox 1248 1821 2134 1854; baseline -0.003 -7"><span class='ocrx_word' id='word_1_659' title='bbox 1248 1823 1308 1852; x_wconf 81' lang='lat' dir='ltr'>SS.,</span> <span class='ocrx_word' id='word_1_660' title='bbox 1334 1823 1394 1851; x_wconf 83' lang='lat' dir='ltr'>XX.</span> <span class='ocrx_word' id='word_1_661' title='bbox 1422 1829 1469 1854; x_wconf 73' lang='lat'>753</span> <span class='ocrx_word' id='word_1_662' title='bbox 1495 1822 1591 1846; x_wconf 72' lang='lat' dir='ltr'>FALco</span> <span class='ocrx_word' id='word_1_663' title='bbox 1616 1823 1734 1852; x_wconf 55' lang='lat' dir='ltr'>Bnmv„</span> <span class='ocrx_word' id='word_1_664' title='bbox 1753 1822 1796 1846; x_wconf 88' lang='lat' dir='ltr'>ed.</span> <span class='ocrx_word' id='word_1_665' title='bbox 1816 1822 1987 1851; x_wconf 56' lang='lat' dir='ltr'>Munarom,</span> <span class='ocrx_word' id='word_1_666' title='bbox 2008 1822 2072 1845; x_wconf 85' lang='lat' dir='ltr'>RR.</span> <span class='ocrx_word' id='word_1_667' title='bbox 2096 1821 2134 1844; x_wconf 85' lang='lat' dir='ltr'>II.</span> 
     </span>
     <span class='ocr_line' id='line_1_69' title="bbox 1249 1864 2133 1896; baseline -0.002 -7"><span class='ocrx_word' id='word_1_668' title='bbox 1249 1866 1308 1896; x_wconf 68' lang='lat' dir='ltr'>SS„</span> <span class='ocrx_word' id='word_1_669' title='bbox 1330 1866 1363 1894; x_wconf 83' lang='lat' dir='ltr'>V,</span> <span class='ocrx_word' id='word_1_670' title='bbox 1383 1871 1432 1896; x_wconf 91' lang='lat'>97;</span> <span class='ocrx_word' id='word_1_671' title='bbox 1452 1866 1636 1889; x_wconf 68' lang='lat' dir='ltr'>ROMUALuus</span> <span class='ocrx_word' id='word_1_672' title='bbox 1655 1864 1823 1895; x_wconf 67' lang='lat' dir='ltr'>SALERMT„</span> <span class='ocrx_word' id='word_1_673' title='bbox 1846 1866 1998 1891; x_wconf 74' lang='lat' dir='ltr'>chronicon,</span> <span class='ocrx_word' id='word_1_674' title='bbox 2018 1865 2047 1888; x_wconf 86' lang='lat' dir='ltr'>in</span> <span class='ocrx_word' id='word_1_675' title='bbox 2070 1865 2133 1888; x_wconf 67' lang='grc' dir='ltr'>ΗΒ,</span> 
     </span>
     <span class='ocr_line' id='line_1_70' title="bbox 1252 1907 2134 1939; baseline -0.001 -8"><span class='ocrx_word' id='word_1_676' title='bbox 1252 1909 1289 1932; x_wconf 90' lang='grc' dir='ltr'>ΙΙ.</span> <span class='ocrx_word' id='word_1_677' title='bbox 1310 1909 1368 1936; x_wconf 62' lang='grc' dir='ltr'>,δ’-8.,</span> <span class='ocrx_word' id='word_1_678' title='bbox 1390 1915 1484 1932; x_wconf 79' lang='lat' dir='ltr'>nuova</span> <span class='ocrx_word' id='word_1_679' title='bbox 1503 1908 1585 1936; x_wconf 82' lang='lat' dir='ltr'>ediz.,</span> <span class='ocrx_word' id='word_1_680' title='bbox 1604 1910 1624 1932; x_wconf 85' lang='lat' dir='ltr'>t.</span> <span class='ocrx_word' id='word_1_681' title='bbox 1645 1907 1704 1935; x_wconf 79' lang='lat' dir='ltr'>VII,</span> <span class='ocrx_word' id='word_1_682' title='bbox 1725 1915 1750 1939; x_wconf 93' lang='lat' dir='ltr'>p.</span> <span class='ocrx_word' id='word_1_683' title='bbox 1773 1914 1797 1935; x_wconf 81' lang='lat'>1;</span> <span class='ocrx_word' id='word_1_684' title='bbox 1824 1908 1943 1931; x_wconf 76' lang='lat' dir='ltr'>Annales</span> <span class='ocrx_word' id='word_1_685' title='bbox 1968 1907 2134 1935; x_wconf 78' lang='lat' dir='ltr'>Palidenses,</span> 
     </span>
     <span class='ocr_line' id='line_1_71' title="bbox 1249 1946 2134 1979; baseline -0.002 -7"><span class='ocrx_word' id='word_1_686' title='bbox 1249 1950 1277 1972; x_wconf 93' lang='lat' dir='ltr'>in</span> <span class='ocrx_word' id='word_1_687' title='bbox 1299 1949 1371 1972; x_wconf 58' lang='lat' dir='ltr'>illan.</span> <span class='ocrx_word' id='word_1_688' title='bbox 1398 1949 1484 1972; x_wconf 61' lang='lat' dir='ltr'>(ferm.</span> <span class='ocrx_word' id='word_1_689' title='bbox 1507 1948 1567 1975; x_wconf 65' lang='lat' dir='ltr'>SS„</span> <span class='ocrx_word' id='word_1_690' title='bbox 1586 1946 1661 1976; x_wconf 86' lang='lat' dir='ltr'>XVI,</span> <span class='ocrx_word' id='word_1_691' title='bbox 1682 1946 1735 1977; x_wconf 81' lang='lat'><strong>76).</strong></span> <span class='ocrx_word' id='word_1_692' title='bbox 1772 1947 1798 1970; x_wconf 78' lang='lat' dir='ltr'>A</span> <span class='ocrx_word' id='word_1_693' title='bbox 1817 1948 1969 1979; x_wconf 80' lang='lat' dir='ltr'>proposito</span> <span class='ocrx_word' id='word_1_694' title='bbox 1988 1947 2016 1970; x_wconf 90' lang='lat' dir='ltr'>di</span> <span class='ocrx_word' id='word_1_695' title='bbox 2037 1949 2134 1978; x_wconf 85' lang='lat' dir='ltr'>questa</span> 
     </span>
     <span class='ocr_line' id='line_1_72' title="bbox 1249 1989 2134 2018; baseline -0.001 -5"><span class='ocrx_word' id='word_1_696' title='bbox 1249 1990 1406 2014; x_wconf 74' lang='lat' dir='ltr'>reclusione</span> <span class='ocrx_word' id='word_1_697' title='bbox 1428 1991 1456 2013; x_wconf 90' lang='lat' dir='ltr'>in</span> <span class='ocrx_word' id='word_1_698' title='bbox 1478 1989 1563 2018; x_wconf 82' lang='lat' dir='ltr'>Cava,</span> <span class='ocrx_word' id='word_1_699' title='bbox 1583 1989 1763 2013; x_wconf 84' lang='lat' dir='ltr'>considerata</span> <span class='ocrx_word' id='word_1_700' title='bbox 1782 1996 1859 2012; x_wconf 84' lang='lat' dir='ltr'>come</span> <span class='ocrx_word' id='word_1_701' title='bbox 1875 1990 1975 2012; x_wconf 61' lang='lat' dir='ltr'>Cat-cer</span> <span class='ocrx_word' id='word_1_702' title='bbox 1989 1989 2134 2018; x_wconf 70' lang='lat' dir='ltr'>domnipa-</span> 
     </span>
     <span class='ocr_line' id='line_1_73' title="bbox 1245 2031 2134 2063; baseline -0.002 -7"><span class='ocrx_word' id='word_1_703' title='bbox 1245 2036 1307 2062; x_wconf 70' lang='lat' dir='ltr'>pue,</span> <span class='ocrx_word' id='word_1_704' title='bbox 1321 2031 1457 2056; x_wconf 75' lang='lat' dir='ltr'>Orderico</span> <span class='ocrx_word' id='word_1_705' title='bbox 1473 2031 1568 2055; x_wconf 85' lang='lat' dir='ltr'>Vitale</span> <span class='ocrx_word' id='word_1_706' title='bbox 1582 2039 1595 2054; x_wconf 86' lang='lat' dir='ltr'>e</span> <span class='ocrx_word' id='word_1_707' title='bbox 1608 2031 1648 2063; x_wconf 87' lang='lat' dir='ltr'>gli</span> <span class='ocrx_word' id='word_1_708' title='bbox 1664 2033 1782 2055; x_wconf 78' lang='lat' dir='ltr'>Annales</span> <span class='ocrx_word' id='word_1_709' title='bbox 1796 2032 1954 2055; x_wconf 78' lang='lat' dir='ltr'>Palidenses</span> <span class='ocrx_word' id='word_1_710' title='bbox 1967 2031 2134 2054; x_wconf 85' lang='lat' dir='ltr'>descrivono</span> 
     </span>
     <span class='ocr_line' id='line_1_74' title="bbox 1249 2072 2133 2104; baseline -0.003 -6"><span class='ocrx_word' id='word_1_711' title='bbox 1249 2075 1269 2098; x_wconf 90' lang='lat' dir='ltr'>il</span> <span class='ocrx_word' id='word_1_712' title='bbox 1290 2076 1450 2098; x_wconf 84' lang='lat' dir='ltr'>monastero</span> <span class='ocrx_word' id='word_1_713' title='bbox 1471 2081 1507 2097; x_wconf 91' lang='lat' dir='ltr'>un</span> <span class='ocrx_word' id='word_1_714' title='bbox 1536 2073 1580 2104; x_wconf 88' lang='lat' dir='ltr'>po’</span> <span class='ocrx_word' id='word_1_715' title='bbox 1600 2073 1807 2097; x_wconf 86' lang='lat' dir='ltr'>dlversamente</span> <span class='ocrx_word' id='word_1_716' title='bbox 1827 2073 1862 2096; x_wconf 91' lang='lat' dir='ltr'>da</span> <span class='ocrx_word' id='word_1_717' title='bbox 1882 2073 1945 2104; x_wconf 80' lang='lat' dir='ltr'>Ugo</span> <span class='ocrx_word' id='word_1_718' title='bbox 1965 2073 1993 2096; x_wconf 87' lang='lat' dir='ltr'>di</span> <span class='ocrx_word' id='word_1_719' title='bbox 2013 2072 2133 2096; x_wconf 80' lang='lat' dir='ltr'>Venosa.</span> 
     </span>
     <span class='ocr_line' id='line_1_75' title="bbox 1250 2115 2132 2147; baseline -0.003 -6"><span class='ocrx_word' id='word_1_720' title='bbox 1250 2117 1300 2141; x_wconf 85' lang='lat' dir='ltr'>Gli</span> <span class='ocrx_word' id='word_1_721' title='bbox 1320 2118 1439 2141; x_wconf 77' lang='lat' dir='ltr'>Annales</span> <span class='ocrx_word' id='word_1_722' title='bbox 1458 2117 1487 2147; x_wconf 88' lang='grc'>(1.</span> <span class='ocrx_word' id='word_1_723' title='bbox 1507 2115 1543 2145; x_wconf 86' lang='lat' dir='ltr'>c.)</span> <span class='ocrx_word' id='word_1_724' title='bbox 1563 2116 1682 2140; x_wconf 89' lang='lat' dir='ltr'>dicono:</span> <span class='ocrx_word' id='word_1_725' title='bbox 1710 2115 1782 2140; x_wconf 77' lang='lat' dir='ltr'>“Est</span> <span class='ocrx_word' id='word_1_726' title='bbox 1807 2118 1972 2139; x_wconf 87' lang='lat' dir='ltr'>autem....</span> <span class='ocrx_word' id='word_1_727' title='bbox 1999 2115 2132 2146; x_wconf 81' lang='lat' dir='ltr'>quaedam</span> 
     </span>
     <span class='ocr_line' id='line_1_76' title="bbox 1252 2158 2134 2189; baseline -0.003 -7"><span class='ocrx_word' id='word_1_728' title='bbox 1252 2160 1264 2171; x_wconf 77' lang='lat'>¹‘</span> <span class='ocrx_word' id='word_1_729' title='bbox 1274 2159 1403 2188; x_wconf 79' lang='lat' dir='ltr'>abbacia,</span> <span class='ocrx_word' id='word_1_730' title='bbox 1422 2166 1490 2189; x_wconf 79' lang='lat' dir='ltr'>quae</span> <span class='ocrx_word' id='word_1_731' title='bbox 1511 2158 1618 2181; x_wconf 86' lang='lat' dir='ltr'>dicitur</span> <span class='ocrx_word' id='word_1_732' title='bbox 1639 2158 1730 2182; x_wconf 85' lang='lat' dir='ltr'>Cavea</span> <span class='ocrx_word' id='word_1_733' title='bbox 1757 2159 1786 2181; x_wconf 90' lang='lat' dir='ltr'>in</span> <span class='ocrx_word' id='word_1_734' title='bbox 1806 2158 2021 2183; x_wconf 83' lang='lat' dir='ltr'>montanis....</span> <span class='ocrx_word' id='word_1_735' title='bbox 2041 2164 2134 2180; x_wconf 76' lang='lat' dir='ltr'>carcer</span> 
     </span>
     <span class='ocr_line' id='line_1_77' title="bbox 1251 2199 2134 2232; baseline -0.003 -7"><span class='ocrx_word' id='word_1_736' title='bbox 1251 2201 1263 2213; x_wconf 82' lang='lat'><em>“</em></span> <span class='ocrx_word' id='word_1_737' title='bbox 1276 2201 1373 2225; x_wconf 89' lang='lat' dir='ltr'>domni</span> <span class='ocrx_word' id='word_1_738' title='bbox 1393 2207 1489 2232; x_wconf 77' lang='lat' dir='ltr'>papae,</span> <span class='ocrx_word' id='word_1_739' title='bbox 1510 2202 1586 2224; x_wconf 87' lang='lat' dir='ltr'>artus</span> <span class='ocrx_word' id='word_1_740' title='bbox 1606 2200 1740 2224; x_wconf 88' lang='lat' dir='ltr'>videlicet</span> <span class='ocrx_word' id='word_1_741' title='bbox 1754 2200 1845 2229; x_wconf 87' lang='lat' dir='ltr'>locus,</span> <span class='ocrx_word' id='word_1_742' title='bbox 1858 2199 1930 2222; x_wconf 89' lang='lat' dir='ltr'>unde</span> <span class='ocrx_word' id='word_1_743' title='bbox 1944 2199 2040 2222; x_wconf 89' lang='lat' dir='ltr'>nullus</span> <span class='ocrx_word' id='word_1_744' title='bbox 2059 2207 2134 2230; x_wconf 82' lang='lat' dir='ltr'>egre-</span> 
     </span>
     <span class='ocr_line' id='line_1_78' title="bbox 1251 2241 2132 2275; baseline -0.003 -8"><span class='ocrx_word' id='word_1_745' title='bbox 1251 2244 1304 2267; x_wconf 85' lang='lat' dir='ltr'>“di</span> <span class='ocrx_word' id='word_1_746' title='bbox 1330 2244 1423 2275; x_wconf 86' lang='lat' dir='ltr'>possit</span> <span class='ocrx_word' id='word_1_747' title='bbox 1450 2243 1505 2266; x_wconf 84' lang='lat' dir='ltr'>nisi</span> <span class='ocrx_word' id='word_1_748' title='bbox 1534 2243 1685 2273; x_wconf 84' lang='lat' dir='ltr'>permissus</span> <span class='ocrx_word' id='word_1_749' title='bbox 1697 2259 1721 2272; x_wconf 57' lang='grc' dir='ltr'>η.</span> <span class='ocrx_word' id='word_1_750' title='bbox 1758 2243 1778 2266; x_wconf 83' lang='grc' dir='ltr'><strong>Ε</strong></span> <span class='ocrx_word' id='word_1_751' title='bbox 1797 2241 1934 2265; x_wconf 88' lang='lat' dir='ltr'>Orderico</span> <span class='ocrx_word' id='word_1_752' title='bbox 1953 2241 1987 2266; x_wconf 86' lang='lat' dir='ltr'>V.</span> <span class='ocrx_word' id='word_1_753' title='bbox 2006 2241 2035 2272; x_wconf 88' lang='grc'>(1.</span> <span class='ocrx_word' id='word_1_754' title='bbox 2055 2241 2132 2271; x_wconf 83' lang='lat' dir='ltr'>cit.):</span> 
     </span>
     <span class='ocr_line' id='line_1_79' title="bbox 1249 2283 2134 2316; baseline -0.003 -7"><span class='ocrx_word' id='word_1_755' title='bbox 1249 2285 1479 2309; x_wconf 85' lang='lat' dir='ltr'>“Monasterium</span> <span class='ocrx_word' id='word_1_756' title='bbox 1501 2284 1575 2307; x_wconf 88' lang='lat' dir='ltr'>istud</span> <span class='ocrx_word' id='word_1_757' title='bbox 1602 2284 1695 2308; x_wconf 80' lang='lat' dir='ltr'>Cavea</span> <span class='ocrx_word' id='word_1_758' title='bbox 1721 2284 1935 2316; x_wconf 84' lang='lat' dir='ltr'>praesagialiter</span> <span class='ocrx_word' id='word_1_759' title='bbox 1960 2283 2134 2315; x_wconf 86' lang='lat' dir='ltr'>appellatum</span> 
     </span>
     <span class='ocr_line' id='line_1_80' title="bbox 1250 2325 2133 2356; baseline -0.003 -5"><span class='ocrx_word' id='word_1_760' title='bbox 1250 2329 1262 2342; x_wconf 78' lang='lat'>¹‘</span> <span class='ocrx_word' id='word_1_761' title='bbox 1273 2329 1323 2356; x_wconf 85' lang='lat' dir='ltr'>est,</span> <span class='ocrx_word' id='word_1_762' title='bbox 1349 2328 1422 2351; x_wconf 84' lang='lat' dir='ltr'>sicut</span> <span class='ocrx_word' id='word_1_763' title='bbox 1447 2328 1521 2350; x_wconf 89' lang='lat' dir='ltr'>enim</span> <span class='ocrx_word' id='word_1_764' title='bbox 1550 2327 1645 2349; x_wconf 88' lang='lat' dir='ltr'>leones</span> <span class='ocrx_word' id='word_1_765' title='bbox 1670 2326 1714 2349; x_wconf 90' lang='lat' dir='ltr'>vel</span> <span class='ocrx_word' id='word_1_766' title='bbox 1740 2327 1798 2349; x_wconf 90' lang='lat' dir='ltr'>ursi</span> <span class='ocrx_word' id='word_1_767' title='bbox 1824 2326 1951 2356; x_wconf 82' lang='lat' dir='ltr'>aliaeque</span> <span class='ocrx_word' id='word_1_768' title='bbox 1976 2325 2133 2349; x_wconf 86' lang='lat' dir='ltr'>indomitae</span> 
     </span>
     <span class='ocr_line' id='line_1_81' title="bbox 1250 2367 2133 2399; baseline -0.002 -6"><span class='ocrx_word' id='word_1_769' title='bbox 1250 2369 1263 2381; x_wconf 86' lang='lat'>“</span> <span class='ocrx_word' id='word_1_770' title='bbox 1278 2370 1350 2393; x_wconf 84' lang='lat' dir='ltr'>serae</span> <span class='ocrx_word' id='word_1_771' title='bbox 1372 2371 1401 2392; x_wconf 91' lang='lat' dir='ltr'>in</span> <span class='ocrx_word' id='word_1_772' title='bbox 1422 2376 1505 2392; x_wconf 83' lang='lat' dir='ltr'>cavea</span> <span class='ocrx_word' id='word_1_773' title='bbox 1526 2369 1700 2398; x_wconf 83' lang='lat' dir='ltr'>coartantur,</span> <span class='ocrx_word' id='word_1_774' title='bbox 1726 2375 1759 2391; x_wconf 87' lang='lat' dir='ltr'>ne</span> <span class='ocrx_word' id='word_1_775' title='bbox 1785 2375 1835 2399; x_wconf 87' lang='lat' dir='ltr'>pro</span> <span class='ocrx_word' id='word_1_776' title='bbox 1861 2368 1946 2391; x_wconf 89' lang='lat' dir='ltr'>libitu</span> <span class='ocrx_word' id='word_1_777' title='bbox 1972 2375 2022 2391; x_wconf 88' lang='lat' dir='ltr'>suo</span> <span class='ocrx_word' id='word_1_778' title='bbox 2047 2367 2133 2391; x_wconf 88' lang='lat' dir='ltr'>libere</span> 
     </span>
     <span class='ocr_line' id='line_1_82' title="bbox 1251 2409 2133 2441; baseline -0.003 -6"><span class='ocrx_word' id='word_1_779' title='bbox 1251 2412 1472 2438; x_wconf 80' lang='lat' dir='ltr'>“discurrentes,</span> <span class='ocrx_word' id='word_1_780' title='bbox 1493 2411 1523 2434; x_wconf 88' lang='lat' dir='ltr'>in</span> <span class='ocrx_word' id='word_1_781' title='bbox 1543 2410 1671 2433; x_wconf 87' lang='lat' dir='ltr'>homines</span> <span class='ocrx_word' id='word_1_782' title='bbox 1691 2417 1737 2433; x_wconf 85' lang='lat' dir='ltr'>seu</span> <span class='ocrx_word' id='word_1_783' title='bbox 1757 2409 1874 2440; x_wconf 82' lang='lat' dir='ltr'>pecudes</span> <span class='ocrx_word' id='word_1_784' title='bbox 1887 2409 2040 2433; x_wconf 88' lang='lat' dir='ltr'>crudeliter</span> <span class='ocrx_word' id='word_1_785' title='bbox 2058 2416 2133 2441; x_wconf 84' lang='lat' dir='ltr'>gras-</span> 
     </span>
     <span class='ocr_line' id='line_1_83' title="bbox 1252 2451 2133 2484; baseline -0.003 -7"><span class='ocrx_word' id='word_1_786' title='bbox 1252 2454 1265 2466; x_wconf 83' lang='lat'><em>“</em></span> <span class='ocrx_word' id='word_1_787' title='bbox 1277 2456 1382 2483; x_wconf 89' lang='lat' dir='ltr'>sentur,</span> <span class='ocrx_word' id='word_1_788' title='bbox 1403 2454 1443 2476; x_wconf 87' lang='lat' dir='ltr'>sic</span> <span class='ocrx_word' id='word_1_789' title='bbox 1461 2454 1584 2484; x_wconf 84' lang='lat' dir='ltr'>agrestes</span> <span class='ocrx_word' id='word_1_790' title='bbox 1597 2454 1625 2475; x_wconf 87' lang='lat' dir='ltr'>et</span> <span class='ocrx_word' id='word_1_791' title='bbox 1639 2451 1865 2482; x_wconf 83' lang='lat' dir='ltr'>indisciplinati,</span> <span class='ocrx_word' id='word_1_792' title='bbox 1879 2452 1925 2482; x_wconf 89' lang='lat' dir='ltr'>qui</span> <span class='ocrx_word' id='word_1_793' title='bbox 1941 2453 2014 2475; x_wconf 89' lang='lat' dir='ltr'>sicut</span> <span class='ocrx_word' id='word_1_794' title='bbox 2033 2452 2133 2483; x_wconf 84' lang='lat' dir='ltr'>onagri</span> 
     </span>
     <span class='ocr_line' id='line_1_84' title="bbox 1253 2494 2133 2526; baseline -0.003 -7"><span class='ocrx_word' id='word_1_795' title='bbox 1253 2495 1445 2520; x_wconf 78' lang='lat' dir='ltr'>“solitudinis</span> <span class='ocrx_word' id='word_1_796' title='bbox 1466 2502 1513 2526; x_wconf 86' lang='lat' dir='ltr'>per</span> <span class='ocrx_word' id='word_1_797' title='bbox 1533 2495 1643 2518; x_wconf 85' lang='lat' dir='ltr'>diversa</span> <span class='ocrx_word' id='word_1_798' title='bbox 1666 2494 1848 2517; x_wconf 86' lang='lat' dir='ltr'>lascivientes</span> <span class='ocrx_word' id='word_1_799' title='bbox 1874 2494 1961 2517; x_wconf 81' lang='lat' dir='ltr'>noxie</span> <span class='ocrx_word' id='word_1_800' title='bbox 1985 2495 2133 2525; x_wconf 79' lang='lat' dir='ltr'>vagantur,</span> 
     </span>
     <span class='ocr_line' id='line_1_85' title="bbox 1251 2535 2134 2566; baseline -0.002 -6"><span class='ocrx_word' id='word_1_801' title='bbox 1251 2538 1262 2550; x_wconf 74' lang='lat'>‘⁴</span> <span class='ocrx_word' id='word_1_802' title='bbox 1274 2538 1303 2560; x_wconf 88' lang='lat' dir='ltr'>in</span> <span class='ocrx_word' id='word_1_803' title='bbox 1324 2537 1375 2560; x_wconf 80' lang='lat' dir='ltr'>hac</span> <span class='ocrx_word' id='word_1_804' title='bbox 1395 2536 1520 2560; x_wconf 84' lang='lat' dir='ltr'>scholari</span> <span class='ocrx_word' id='word_1_805' title='bbox 1536 2536 1630 2560; x_wconf 84' lang='lat' dir='ltr'>Cavea</span> <span class='ocrx_word' id='word_1_806' title='bbox 1644 2535 1694 2559; x_wconf 88' lang='lat' dir='ltr'>sub</span> <span class='ocrx_word' id='word_1_807' title='bbox 1709 2536 1777 2566; x_wconf 85' lang='lat' dir='ltr'>iugo</span> <span class='ocrx_word' id='word_1_808' title='bbox 1791 2535 1842 2558; x_wconf 92' lang='lat' dir='ltr'>Dei</span> <span class='ocrx_word' id='word_1_809' title='bbox 1859 2535 2025 2566; x_wconf 78' lang='lat' dir='ltr'>regulariter</span> <span class='ocrx_word' id='word_1_810' title='bbox 2039 2535 2134 2558; x_wconf 86' lang='lat' dir='ltr'>vivere</span> 
     </span>
     <span class='ocr_line' id='line_1_86' title="bbox 1252 2579 1462 2611; baseline 0 -9"><span class='ocrx_word' id='word_1_811' title='bbox 1252 2579 1265 2591; x_wconf 79' lang='lat'><em>“</em></span> <span class='ocrx_word' id='word_1_812' title='bbox 1277 2580 1419 2611; x_wconf 78' lang='lat' dir='ltr'>coguntur</span> <span class='ocrx_word' id='word_1_813' title='bbox 1429 2594 1462 2608; x_wconf 84' lang='lat'>„..</span> 
     </span>
    </p>

    <p class='ocr_par' dir='ltr' id='par_1_15' title="bbox 1337 2620 1587 2650">
     <span class='ocr_line' id='line_1_87' title="bbox 1337 2620 1587 2650; baseline -0.012 -5"><span class='ocrx_word' id='word_1_814' title='bbox 1337 2620 1348 2636; x_wconf 85' lang='lat'><strong>³</strong></span> <span class='ocrx_word' id='word_1_815' title='bbox 1366 2621 1459 2649; x_wconf 53' lang='lat' dir='ltr'>lons..</span> <span class='ocrx_word' id='word_1_816' title='bbox 1479 2620 1525 2647; x_wconf 78' lang='lat' dir='ltr'>IX,</span> <span class='ocrx_word' id='word_1_817' title='bbox 1546 2626 1587 2650; x_wconf 86' lang='lat'>25.</span> 
     </span>
    </p>

    <p class='ocr_par' dir='ltr' id='par_1_16' title="bbox 1338 2661 1801 2691">
     <span class='ocr_line' id='line_1_88' title="bbox 1338 2661 1801 2691; baseline -0.002 -4"><span class='ocrx_word' id='word_1_818' title='bbox 1338 2662 1348 2677; x_wconf 84' lang='lat'>⁴</span> <span class='ocrx_word' id='word_1_819' title='bbox 1370 2664 1477 2689; x_wconf 76' lang='lat' dir='ltr'><strong>MATH..</strong></span> <span class='ocrx_word' id='word_1_820' title='bbox 1497 2662 1530 2691; x_wconf 87' lang='lat' dir='ltr'>X,</span> <span class='ocrx_word' id='word_1_821' title='bbox 1550 2668 1598 2691; x_wconf 81' lang='lat'>423</span> <span class='ocrx_word' id='word_1_822' title='bbox 1617 2661 1686 2689; x_wconf 55' lang='lat' dir='ltr'>Iac„</span> <span class='ocrx_word' id='word_1_823' title='bbox 1706 2661 1738 2689; x_wconf 83' lang='lat' dir='ltr'>V,</span> <span class='ocrx_word' id='word_1_824' title='bbox 1762 2669 1801 2686; x_wconf 84' lang='grc' dir='ltr'>ιο.</span> 
     </span>
    </p>

    <p class='ocr_par' dir='ltr' id='par_1_17' title="bbox 1248 2702 2134 2903">
     <span class='ocr_line' id='line_1_89' title="bbox 1337 2702 2133 2732; baseline -0.003 -4"><span class='ocrx_word' id='word_1_825' title='bbox 1337 2705 1347 2722; x_wconf 85' lang='grc'><strong><em>5</em></strong></span> <span class='ocrx_word' id='word_1_826' title='bbox 1366 2703 1474 2732; x_wconf 83' lang='lat' dir='ltr'>Questo</span> <span class='ocrx_word' id='word_1_827' title='bbox 1504 2710 1622 2727; x_wconf 84' lang='lat' dir='ltr'>monaco</span> <span class='ocrx_word' id='word_1_828' title='bbox 1652 2703 1747 2727; x_wconf 86' lang='lat' dir='ltr'>Pietro</span> <span class='ocrx_word' id='word_1_829' title='bbox 1774 2704 1804 2727; x_wconf 87' lang='lat' dir='ltr'>di</span> <span class='ocrx_word' id='word_1_830' title='bbox 1831 2703 1928 2732; x_wconf 78' lang='lat' dir='ltr'>Troia,</span> <span class='ocrx_word' id='word_1_831' title='bbox 1952 2702 2133 2726; x_wconf 83' lang='lat' dir='ltr'>nell’ottobre</span> 
     </span>
     <span class='ocr_line' id='line_1_90' title="bbox 1252 2743 2133 2777; baseline -0.005 -6"><span class='ocrx_word' id='word_1_832' title='bbox 1252 2745 1326 2773; x_wconf 75' lang='lat'>1118.</span> <span class='ocrx_word' id='word_1_833' title='bbox 1345 2753 1423 2770; x_wconf 88' lang='lat' dir='ltr'>come</span> <span class='ocrx_word' id='word_1_834' title='bbox 1442 2746 1537 2777; x_wconf 87' lang='lat' dir='ltr'>priore</span> <span class='ocrx_word' id='word_1_835' title='bbox 1557 2745 1601 2768; x_wconf 88' lang='lat' dir='ltr'>del</span> <span class='ocrx_word' id='word_1_836' title='bbox 1624 2748 1786 2769; x_wconf 81' lang='lat' dir='ltr'>monastero</span> <span class='ocrx_word' id='word_1_837' title='bbox 1800 2745 1829 2768; x_wconf 93' lang='lat' dir='ltr'>di</span> <span class='ocrx_word' id='word_1_838' title='bbox 1842 2745 1870 2769; x_wconf 91' lang='lat' dir='ltr'>S.</span> <span class='ocrx_word' id='word_1_839' title='bbox 1884 2745 1988 2776; x_wconf 84' lang='lat' dir='ltr'>Magno</span> <span class='ocrx_word' id='word_1_840' title='bbox 2001 2743 2041 2776; x_wconf 89' lang='lat' dir='ltr'>(S.</span> <span class='ocrx_word' id='word_1_841' title='bbox 2055 2744 2133 2768; x_wconf 85' lang='lat' dir='ltr'>Man-</span> 
     </span>
     <span class='ocr_line' id='line_1_91' title="bbox 1248 2785 2134 2820; baseline -0.005 -8"><span class='ocrx_word' id='word_1_842' title='bbox 1248 2797 1284 2820; x_wconf 89' lang='lat' dir='ltr'>go</span> <span class='ocrx_word' id='word_1_843' title='bbox 1305 2786 1433 2819; x_wconf 86' lang='lat' dir='ltr'>Cilento)</span> <span class='ocrx_word' id='word_1_844' title='bbox 1453 2788 1545 2811; x_wconf 81' lang='lat' dir='ltr'>riceve</span> <span class='ocrx_word' id='word_1_845' title='bbox 1564 2795 1619 2810; x_wconf 87' lang='lat' dir='ltr'>una</span> <span class='ocrx_word' id='word_1_846' title='bbox 1640 2788 1795 2810; x_wconf 88' lang='lat' dir='ltr'>donazione</span> <span class='ocrx_word' id='word_1_847' title='bbox 1815 2787 1842 2810; x_wconf 85' lang='lat' dir='ltr'>di</span> <span class='ocrx_word' id='word_1_848' title='bbox 1864 2788 1934 2810; x_wconf 87' lang='lat' dir='ltr'>terre</span> <span class='ocrx_word' id='word_1_849' title='bbox 1954 2786 1988 2809; x_wconf 76' lang='lat' dir='ltr'>da</span> <span class='ocrx_word' id='word_1_850' title='bbox 2002 2785 2134 2814; x_wconf 72' lang='lat' dir='ltr'>Astruda,</span> 
     </span>
     <span class='ocr_line' id='line_1_92' title="bbox 1250 2828 2133 2861; baseline -0.003 -6"><span class='ocrx_word' id='word_1_851' title='bbox 1250 2832 1360 2855; x_wconf 81' lang='lat' dir='ltr'>vedova</span> <span class='ocrx_word' id='word_1_852' title='bbox 1379 2831 1406 2854; x_wconf 86' lang='lat' dir='ltr'>di</span> <span class='ocrx_word' id='word_1_853' title='bbox 1429 2830 1592 2861; x_wconf 83' lang='lat' dir='ltr'>Guglielmo</span> <span class='ocrx_word' id='word_1_854' title='bbox 1613 2829 1646 2852; x_wconf 88' lang='lat' dir='ltr'>de</span> <span class='ocrx_word' id='word_1_855' title='bbox 1666 2829 1792 2858; x_wconf 83' lang='lat' dir='ltr'>Mannia,</span> <span class='ocrx_word' id='word_1_856' title='bbox 1819 2830 1933 2859; x_wconf 82' lang='lat' dir='ltr'>signora</span> <span class='ocrx_word' id='word_1_857' title='bbox 1960 2829 1986 2851; x_wconf 88' lang='lat' dir='ltr'>di</span> <span class='ocrx_word' id='word_1_858' title='bbox 2008 2828 2133 2852; x_wconf 88' lang='lat' dir='ltr'>Cuceulo</span> 
     </span>
     <span class='ocr_line' id='line_1_93' title="bbox 1251 2870 1746 2903; baseline -0.004 -7"><span class='ocrx_word' id='word_1_859' title='bbox 1251 2872 1399 2903; x_wconf 79' lang='lat' dir='ltr'>(Cuccaro)</span> <span class='ocrx_word' id='word_1_860' title='bbox 1421 2872 1466 2902; x_wconf 82' lang='lat' dir='ltr'>(A.</span> <span class='ocrx_word' id='word_1_861' title='bbox 1487 2871 1528 2902; x_wconf 87' lang='lat' dir='ltr'>C.,</span> <span class='ocrx_word' id='word_1_862' title='bbox 1549 2871 1606 2898; x_wconf 81' lang='lat' dir='ltr'>XX.</span> <span class='ocrx_word' id='word_1_863' title='bbox 1628 2879 1655 2895; x_wconf 90' lang='lat' dir='ltr'>n.</span> <span class='ocrx_word' id='word_1_864' title='bbox 1677 2870 1746 2903; x_wconf 91' lang='lat'>117).</span> 
     </span>
    </p>

    <p class='ocr_par' dir='ltr' id='par_1_18' title="bbox 1249 2911 2133 2989">
     <span class='ocr_line' id='line_1_94' title="bbox 1337 2911 2133 2942; baseline -0.004 -4"><span class='ocrx_word' id='word_1_865' title='bbox 1337 2914 1348 2930; x_wconf 62' lang='grc' dir='ltr'><strong>ὖ</strong></span> <span class='ocrx_word' id='word_1_866' title='bbox 1375 2915 1401 2938; x_wconf 89' lang='lat' dir='ltr'>S.</span> <span class='ocrx_word' id='word_1_867' title='bbox 1431 2914 1578 2938; x_wconf 81' lang='lat' dir='ltr'>Giovannl</span> <span class='ocrx_word' id='word_1_868' title='bbox 1605 2914 1632 2937; x_wconf 84' lang='lat' dir='ltr'>di</span> <span class='ocrx_word' id='word_1_869' title='bbox 1663 2913 1822 2942; x_wconf 78' lang='lat' dir='ltr'>Terresino,</span> <span class='ocrx_word' id='word_1_870' title='bbox 1853 2913 1972 2937; x_wconf 87' lang='lat' dir='ltr'>fondato</span> <span class='ocrx_word' id='word_1_871' title='bbox 2008 2913 2053 2936; x_wconf 88' lang='lat' dir='ltr'>nel</span> <span class='ocrx_word' id='word_1_872' title='bbox 2082 2911 2133 2942; x_wconf 84' lang='grc'>986</span> 
     </span>
     <span class='ocr_line' id='line_1_95' title="bbox 1249 2955 2133 2989; baseline -0.006 -6"><span class='ocrx_word' id='word_1_873' title='bbox 1249 2958 1291 2988; x_wconf 86' lang='lat' dir='ltr'>(C.</span> <span class='ocrx_word' id='word_1_874' title='bbox 1307 2959 1343 2981; x_wconf 81' lang='lat' dir='ltr'>l).</span> <span class='ocrx_word' id='word_1_875' title='bbox 1359 2959 1396 2985; x_wconf 84' lang='lat' dir='ltr'>C.,</span> <span class='ocrx_word' id='word_1_876' title='bbox 1418 2957 1450 2985; x_wconf 87' lang='grc' dir='ltr'>ΙΙ,</span> <span class='ocrx_word' id='word_1_877' title='bbox 1464 2965 1490 2989; x_wconf 76' lang='grc' dir='ltr'>ρ,</span> <span class='ocrx_word' id='word_1_878' title='bbox 1505 2955 1566 2987; x_wconf 80' lang='lat'>241)</span> <span class='ocrx_word' id='word_1_879' title='bbox 1581 2957 1615 2980; x_wconf 87' lang='lat' dir='ltr'>da</span> <span class='ocrx_word' id='word_1_880' title='bbox 1630 2957 1748 2988; x_wconf 84' lang='lat' dir='ltr'>Ligorio</span> <span class='ocrx_word' id='word_1_881' title='bbox 1760 2956 1789 2980; x_wconf 91' lang='lat' dir='ltr'>di</span> <span class='ocrx_word' id='word_1_882' title='bbox 1800 2956 1903 2980; x_wconf 76' lang='lat' dir='ltr'>Atrani</span> <span class='ocrx_word' id='word_1_883' title='bbox 1918 2963 1949 2979; x_wconf 90' lang='lat' dir='ltr'>su</span> <span class='ocrx_word' id='word_1_884' title='bbox 1963 2955 1992 2978; x_wconf 90' lang='lat' dir='ltr'>di</span> <span class='ocrx_word' id='word_1_885' title='bbox 2007 2962 2061 2978; x_wconf 82' lang='lat' dir='ltr'>una</span> <span class='ocrx_word' id='word_1_886' title='bbox 2075 2955 2133 2978; x_wconf 89' lang='lat' dir='ltr'>col-</span> 
     </span>
    </p>
   </div>
   <div class='ocr_carea' id='block_1_14' title="bbox 2153 787 2191 818">
    <p class='ocr_par' dir='ltr' id='par_1_19' title="bbox 2153 787 2191 818">
     <span class='ocr_line' id='line_1_96' title="bbox 2153 787 2191 818; baseline -0.026 0"><span class='ocrx_word' id='word_1_887' title='bbox 2153 787 2191 818; x_wconf 89' lang='lat'>10</span> 
     </span>
    </p>
   </div>
   <div class='ocr_carea' id='block_1_15' title="bbox 2155 1051 2191 1082">
    <p class='ocr_par' dir='ltr' id='par_1_20' title="bbox 2155 1051 2191 1082">
     <span class='ocr_line' id='line_1_97' title="bbox 2155 1051 2191 1082; baseline 0 0"><span class='ocrx_word' id='word_1_888' title='bbox 2155 1051 2191 1082; x_wconf 89' lang='lat'>15</span> 
     </span>
    </p>
   </div>
   <div class='ocr_carea' id='block_1_16' title="bbox 2155 1317 2196 1347">
    <p class='ocr_par' dir='ltr' id='par_1_21' title="bbox 2155 1317 2196 1347">
     <span class='ocr_line' id='line_1_98' title="bbox 2155 1317 2196 1347; baseline 0 0"><span class='ocrx_word' id='word_1_889' title='bbox 2155 1317 2196 1347; x_wconf 88' lang='lat'>20</span> 
     </span>
    </p>
   </div>
   <div class='ocr_carea' id='block_1_17' title="bbox 2155 1581 2195 1613">
    <p class='ocr_par' dir='ltr' id='par_1_22' title="bbox 2155 1581 2195 1613">
     <span class='ocr_line' id='line_1_99' title="bbox 2155 1581 2195 1613; baseline 0 0"><span class='ocrx_word' id='word_1_890' title='bbox 2155 1581 2195 1613; x_wconf 89' lang='lat'>25</span> 
     </span>
    </p>
   </div>
   <div class='ocr_carea' id='block_1_18' title="bbox 2161 1830 2193 1856">
    <p class='ocr_par' dir='ltr' id='par_1_23' title="bbox 2161 1830 2193 1856">
     <span class='ocr_line' id='line_1_100' title="bbox 2161 1830 2193 1856; baseline 0.031 -1"><span class='ocrx_word' id='word_1_891' title='bbox 2161 1830 2193 1856; x_wconf 83' lang='lat'>35</span> 
     </span>
    </p>
   </div>
   <div class='ocr_carea' id='block_1_19' title="bbox 2161 2041 2195 2066">
    <p class='ocr_par' dir='ltr' id='par_1_24' title="bbox 2161 2041 2195 2066">
     <span class='ocr_line' id='line_1_101' title="bbox 2161 2041 2195 2066; baseline 0 -8"><span class='ocrx_word' id='word_1_892' title='bbox 2161 2041 2195 2066; x_wconf 85' lang='lat'>40</span> 
     </span>
    </p>
   </div>
   <div class='ocr_carea' id='block_1_20' title="bbox 2161 2252 2192 2278">
    <p class='ocr_par' dir='ltr' id='par_1_25' title="bbox 2161 2252 2192 2278">
     <span class='ocr_line' id='line_1_102' title="bbox 2161 2252 2192 2278; baseline -0.032 0"><span class='ocrx_word' id='word_1_893' title='bbox 2161 2252 2192 2278; x_wconf 85' lang='lat'>45</span> 
     </span>
    </p>
   </div>
   <div class='ocr_carea' id='block_1_21' title="bbox 2161 2459 2195 2485">
    <p class='ocr_par' dir='ltr' id='par_1_26' title="bbox 2161 2459 2195 2485">
     <span class='ocr_line' id='line_1_103' title="bbox 2161 2459 2195 2485; baseline 0 -7"><span class='ocrx_word' id='word_1_894' title='bbox 2161 2459 2195 2485; x_wconf 83' lang='lat'>50</span> 
     </span>
    </p>
   </div>
   <div class='ocr_carea' id='block_1_22' title="bbox 2161 2671 2192 2697">
    <p class='ocr_par' dir='ltr' id='par_1_27' title="bbox 2161 2671 2192 2697">
     <span class='ocr_line' id='line_1_104' title="bbox 2161 2671 2192 2697; baseline 0 0"><span class='ocrx_word' id='word_1_895' title='bbox 2161 2671 2192 2697; x_wconf 88' lang='grc'>55</span> 
     </span>
    </p>
   </div>
   <div class='ocr_carea' id='block_1_23' title="bbox 2162 2870 2195 2895">
    <p class='ocr_par' dir='ltr' id='par_1_28' title="bbox 2162 2870 2195 2895">
     <span class='ocr_line' id='line_1_105' title="bbox 2162 2870 2195 2895; baseline 0 0"><span class='ocrx_word' id='word_1_896' title='bbox 2162 2870 2195 2895; x_wconf 87' lang='grc'>60</span> 
     </span>
    </p>
   </div>
  </div>
 </body>
</html>
