2300 3554
138 801 176 832 10

139 1065 176 1098 15
198 1072 286 1104 rant,
308 1072 505 1108 posuerunt.

134 1333 175 1365 20

131 1596 172 1630 25

142 2355 174 2372 10

143 2561 171 2586 ις

141 2774 174 2792 20

101 2980 172 3006 .²5

438 191 598 227 VITAE
624 191 888 230 QUATUOR
919 190 1160 227 PRIORUM
1191 191 1449 228 ABBATUM
1477 192 1786 229 CAVENSIUM
1976 194 2017 228 21

198 323 360 355 Iohannis
384 324 502 356 missas
525 324 728 361 celebraret,
753 330 786 356 et
810 324 948 366 quidam
975 323 1129 356 flabe'lli¹
1149 324 1372 357 ministerium
1390 325 1612 368 neglegenter
1628 325 1816 362 exhiberet,
1833 327 2026 369 lampadem

197 376 333 418 impulit
357 383 390 408 et
420 376 532 409 oleum
557 387 662 418 super
685 376 794 408 altare
820 377 921 409 fudit.
967 378 1123 419 Cumque
1149 377 1363 419 prandeum⁸
1387 388 1521 419 sparsus
1545 379 1657 420 liquor
1675 379 1864 415 infudisset,
1889 380 1941 411 vir
1959 381 2025 412 l)o-

198 430 280 460 mini
306 430 406 462 valde
431 429 625 462 contristari
650 429 751 470 cepit,
776 435 811 461 et
836 430 912 466 hoc,
937 431 1029 472 quod
1055 430 1212 471 contigit,
1238 441 1303 461 non
1330 430 1553 473 neglegentie
1578 432 1722 463 ministri
1756 432 1943 468 ascribere.
1967 434 2025 464 sed

197 482 267 514 suis
291 483 421 514 meritis
445 483 622 524 imputare.
672 482 750 514 Post
769 482 960 525 aliquantos
977 493 1058 515 vero
1076 484 1161 520 dies,
1178 494 1254 515 cum
1273 484 1315 515 nd
1331 485 1440 515 sancti
1466 484 1675 526 Archangeli
1692 485 1873 516 ecclesiam
1889 484 1899 501 ¹
1917 486 2026 517 venis-

196 541 283 572 sent,
308 535 456 577 predicti
481 536 606 567 fratres
637 541 670 566 et
703 535 822 572 ceteri,
854 535 910 577 qui
942 542 1061 568 sancto
1093 536 1167 568 viro
1199 536 1450 573 ministrabant,
1483 537 1669 578 prandeum
1704 537 1787 569 illud
1820 544 2026 569 curaverunt

196 587 400 630 producere.
426 595 460 620 ut
483 588 563 620 inde
587 588 698 620 oleum
724 588 873 619 educere
900 588 1046 620 lavando
1071 589 1282 621 debuissent.
1328 588 1398 622 Sed
1423 590 1516 631 quod
1541 589 1640 621 valde
1664 591 1870 631 stupendum
1894 597 1955 627 est.
1980 592 2026 623 ita

197 642 383 673 candidum
407 648 442 673 et
465 641 628 673 mundum
652 641 826 672 inventum
850 648 910 677 est,
936 653 975 673 ac
1000 643 1026 674 si
1051 643 1163 674 oleum
1189 643 1223 673 in
1254 652 1295 673 eo
1320 653 1489 684 nunquam
1523 643 1718 675 cecidisset.
1765 642 1870 680 Quod
1904 645 2027 676 fratres

198 701 434 737 agnoscentes.
459 694 687 736 omnipotenti
712 693 785 724 Deo
802 695 930 736 gratias
946 695 1146 732 retulerunt,
1162 696 1218 738 qui
1235 696 1402 737 quosdam
1417 695 1548 727 electos
1565 706 1642 727 suos
1660 702 1726 727 tam
1745 704 1862 728 tenere
1876 699 1883 711 '
1902 697 2024 739 diligit,

197 754 232 779 ut
256 758 320 780 nec
344 748 389 779 ad
411 747 583 780 modicum
607 747 758 789 patiatur
782 748 985 779 contristari.

287 801 325 832 In
348 801 470 833 eodem
495 810 634 842 quoque
658 801 865 833 monasterio
891 812 944 833 res
968 811 1056 843 eque
1081 801 1246 834 mirabilis
1268 802 1408 840 accidit,
1424 802 1512 833 sicut
1528 802 1649 833 eodem
1668 803 1740 834 viro
1758 801 1846 834 bone
1865 804 2025 834 memorie

199 853 303 886 Petro
326 853 479 886 Troiano
504 859 665 885 narrante
691 854 849 896 cognovi.
898 855 983 886 Nam
1017 865 1092 886 cum
1118 855 1301 887 froccum·
1333 855 1447 886 domni
1481 854 1614 886 abbatis
1637 866 1657 886 a
1689 855 1877 897 capellanis
1908 856 2026 898 negle-

197 913 320 950 genter
351 907 473 938 fuisset
504 905 703 947 repositum,
735 907 878 938 mustela
910 907 975 939 hoc
1006 908 1100 939 iuxta
1131 907 1316 939 cavernule
1347 917 1407 938 sue
1432 907 1585 938 foramen
1617 908 1779 949 repperit,
1811 908 1955 940 corrosit
1987 919 2027 940 ac

197 959 312 992 scidit.
358 959 514 1002 Cumque
538 958 727 991 venerabili
753 959 826 990 viro
851 960 973 992 fuisset
997 960 1160 999 oblatum,
1185 966 1222 992 ut
1245 970 1421 992 corrosum
1438 960 1535 996 vidit.
1553 960 1736 1003 indignans
1759 961 1908 1002 reppulit
1924 968 2025 1003 atque

197 1013 259 1044 ait:
286 1013 337 1044 Ite
360 1018 393 1044 et
416 1013 447 1043 ei
470 1022 538 1054 que
561 1012 724 1044 scindere
749 1014 965 1055 presumpsit,
998 1014 1178 1056 prohicite.
1225 1012 1331 1050 Quod
1356 1014 1480 1045 fratres
1512 1013 1558 1045 ita
1583 1019 1618 1044 ut
1642 1013 1794 1051 iusserat.
1827 1014 1918 1045 unde
1943 1014 2028 1045 tule-

553 1065 633 1097 Alia
658 1075 740 1098 vero
764 1066 822 1097 die
847 1076 924 1097 cum
951 1077 1012 1107 per
1033 1066 1146 1098 locum
1172 1067 1367 1103 transirent,
1391 1065 1567 1098 mustelam
1593 1077 1659 1108 que
1676 1065 1761 1097 illud
1786 1067 2024 1098 vestimentum

197 1125 401 1157 corroserat,
423 1128 527 1160 super
549 1118 635 1150 illud
659 1118 839 1151 ia'centem
863 1125 1029 1151 mortuam
1054 1120 1269 1151 invenerunt.
1315 1118 1416 1151 Tunc
1440 1119 1538 1151 nimis
1557 1119 1778 1150 ammirantes
1805 1125 1932 1162 quante
1957 1120 2024 1151 vir-

198 1172 281 1205 tutis
301 1178 400 1214 pater
421 1182 539 1205 eorum
563 1178 653 1204 esset
677 1172 841 1215 colligere
862 1178 1041 1214 ceperunt,
1065 1179 1186 1205 contra
1216 1172 1312 1205 cuius
1342 1173 1551 1204 voluntatem
1584 1172 1700 1203 vivere
1731 1172 1892 1204 animalia
1924 1172 2023 1204 bruta

199 1225 446 1269 nequivissent.
493 1225 564 1257 Sed
588 1225 743 1257 divinum
769 1226 934 1258 affectum
959 1235 1041 1268 erga
1066 1225 1299 1258 venerabilem
1324 1231 1454 1267 patrem
1478 1236 1539 1258 cur
1562 1225 1596 1257 in
1623 1225 1819 1256 animalium
1845 1225 2019 1257 brutorum

198 1278 442 1313 interfectione
465 1277 657 1316 astruimus,
681 1288 759 1310 cum
783 1289 859 1310 eum
884 1288 967 1320 sepe
992 1289 1057 1311 nec
1081 1278 1305 1310 rationalibus
1328 1278 1523 1320 pepercisse
1547 1277 1762 1310 sentiamus?

287 1331 462 1375 Roget-ius
485 1341 621 1374 nanque
645 1332 746 1364 castri
771 1332 881 1364 sancti
915 1331 1094 1364 Severini⁵
1117 1332 1276 1364 dominus
1309 1342 1385 1363 cum
1414 1332 1559 1364 rusticos
1591 1332 1789 1364 monasterii
1821 1332 2024 1375 frequenter

197 1386 374 1429 affligeret,
398 1392 432 1418 et
456 1385 662 1417 venerabilis
686 1385 749 1417 viri
774 1391 922 1417 mentem
947 1386 992 1418 ad
1015 1385 1230 1418 iracundiam
1253 1391 1472 1427 provocaret,
1504 1385 1652 1428 quadam
1677 1385 1732 1417 die
1763 1386 1941 1426 pravitatis
1964 1397 2024 1418 sue

194 1449 289 1472 usum
312 1439 474 1476 excessit,
498 1445 533 1470 et
555 1439 647 1471 hunc
672 1438 761 1470 ultra
784 1448 886 1480 quam
911 1444 1138 1470 consueverat
1161 1439 1386 1470 contristavit.
1433 1438 1544 1476 Tunc,
1569 1439 1665 1480 quasi
1689 1439 1722 1469 in
1747 1439 1921 1480 presentia
1937 1449 2025 1471 sum-

196 1492 242 1524 mi
264 1491 355 1524 illius
377 1492 487 1524 nuntii
511 1492 694 1530 assisteret,
717 1491 819 1523 dixit:
853 1492 928 1529 Eia,
955 1494 1090 1523 sancte'
1122 1491 1298 1523 Michahel
1331 1491 1539 1533 archangele
1562 1491 1613 1523 sic
1636 1501 1700 1523 nos
1720 1497 1756 1522 tu
1780 1491 1958 1534 protegis?
1984 1492 2027 1524 Et

197 1544 320 1578 baculo
343 1551 469 1576 terram
493 1545 690 1586 percutiens
708 1551 900 1577 commotus
915 1545 980 1576 ait:
999 1544 1221 1582 Recedimus‚
1236 1544 1316 1586 quia
1332 1545 1390 1576 hic
1406 1550 1499 1576 tanta
1516 1545 1608 1576 ferre
1625 1554 1692 1576 non
1710 1555 1897 1585 possumus.
1945 1546 2027 1578 Erat

196 1604 278 1631 tunc
301 1597 429 1630 Cilenti
447 1598 482 1630 in
507 1598 645 1640 prefato
669 1597 878 1630 monasterio
901 1597 1011 1630 sancti
1039 1596 1249 1629 Michahelis
1278 1597 1490 1639 archangeli.
1538 1596 1643 1629 Cuius
1674 1597 1831 1630 nimirum
1863 1599 2025 1631 afflictio-

197 1661 275 1683 nem
298 1652 383 1683 mira
406 1657 439 1683 et
461 1651 624 1683 terribilis
647 1651 732 1682 ultio
758 1651 878 1682 divina
901 1656 1019 1682 secuta
1041 1657 1103 1688 est,
1127 1650 1206 1693 quia
1238 1660 1314 1682 cum
1347 1650 1448 1694 longe
1478 1650 1522 1682 ab
1553 1650 1674 1682 eodem
1707 1653 1915 1683 monasterio
1946 1662 2025 1694 pre-

197 1705 290 1737 fatus
312 1705 486 1748 Rogerius
508 1710 675 1740 maneret,
697 1704 858 1736 solarium
883 1705 1004 1736 domus
1027 1703 1098 1735 eius
1121 1703 1260 1744 cecidit,
1292 1708 1395 1746 atque
1419 1703 1491 1735 eius
1522 1703 1627 1735 filium
1658 1704 1838 1745 parvulum
1869 1705 2024 1737 extinxit.

197 1758 241 1790 Et
263 1759 409 1790 fortasse
433 1757 508 1789 talis
532 1757 616 1788 ultio
640 1767 702 1799 pro
727 1766 902 1788 servorum
926 1757 993 1788 Dei
1016 1756 1138 1788 iniuria
1161 1756 1205 1788 ab
1227 1756 1364 1788 interno
1388 1755 1502 1788 iudice
1526 1756 1633 1799 infligi
1659 1755 1790 1797 debuit,
1814 1762 1851 1788 ut
1873 1757 1931 1788 ille
1955 1767 2025 1789 mo-

197 1817 338 1851 reretur,
373 1810 431 1853 qui
463 1816 596 1852 patrem
628 1809 748 1841 dolore
784 1809 933 1851 puniret,
969 1815 1070 1852 atque
1094 1809 1138 1841 ad
1161 1808 1344 1850 reprobam
1377 1809 1450 1841 eius
1484 1809 1710 1841 imitationem
1742 1820 1811 1842 non
1841 1817 2023 1843 cresceret.

199 1968 258 1993 lina
278 1970 357 2000 quasi
378 1976 391 1992 a
412 1970 494 2000 picco
514 1969 554 1992 sul
577 1976 651 1992 mare
670 1968 746 2000 dopo
761 1968 912 2000 Agropoli,
934 1969 962 1992 fu
977 1969 1084 1992 donato

198 2017 214 2035 a
233 2011 311 2035 var-Ie
330 2011 435 2042 riprese
454 2011 501 2034 dai
522 2011 630 2042 singoli
651 2012 776 2042 patroni,
798 2011 875 2043 negli
895 2012 962 2034 anni
988 2017 1052 2041 1071
1071 2018 1084 2034 e

201 2059 276 2085 ¹⁰73·
296 2060 311 2076 a
331 2060 381 2077 san
397 2053 508 2083 Leoney
522 2054 614 2085 prima
631 2053 671 2076 fra
686 2054 692 2076 i
709 2053 843 2077 donatori
860 2053 887 2076 su
903 2053 995 2076 (irusa
1007 2052 1085 2084 figlia

198 2095 226 2119 di
241 2094 423 2120 Gioannacio
438 2095 465 2119 di
482 2096 585 2119 Atrani
606 2094 653 2127 (A.
666 2094 707 2124 C„
726 2095 786 2125 XII,
802 2102 843 2126 90.
862 2096 918 2125 108,
934 2102 983 2118 κιο
997 2103 1011 2118 e
1027 2101 1084 2118 110.

199 2136 244 2161 Cs.
262 2137 471 2161 VuN'liGLlA
492 2137 535 2165 D.‚
563 2137 671 2160 Notizie
689 2138 802 2160 storiclre
821 2137 869 2160 del
893 2138 1012 2161 Castalio
1031 2137 1085 2160 ‹lel-

199 2179 330 2207 l'Abbnte,
350 2179 465 2211 Napoli,
488 2179 562 2209 1827,
584 2186 609 2210 p.
629 2178 683 2210 91).

287 2219 293 2233 ¹
313 2219 398 2245 L'uso
418 2220 462 2244 del
482 2220 602 2248 flabello,
623 2220 716 2251 specie
735 2221 763 2244 di
787 2220 934 2252 vcntaglio
955 2228 1007 2243 con
1023 2221 1084 2252 piu-

199 2269 251 2291 me,
268 2269 314 2286 era
335 2263 488 2294 prescritto
510 2261 630 2286 durante
650 2262 676 2285 la
696 2263 723 2286 S.
743 2262 833 2285 Messa
853 2261 928 2285 dalle
945 2261 1085 2286 Consuetu-

198 2304 273 2328 dines
292 2303 322 2327 di
342 2303 436 2335 Cluny
462 2304 628 2335 (UDALRICI,
654 2307 694 2334 op.
715 2304 775 2331 cil.;
803 2304 916 2330 MlGNE.
946 2304 1007 2328 Paf.
1027 2305 1086 2332 lat..

199 2344 321 2373 CXLIX,
342 2345 395 2369 col.
415 2344 489 2378 719)e
509 2345 522 2358 “
534 2345 612 2369 Unus
627 2347 719 2369 autem
733 2345 940 2373 ministrorum,
953 2346 1001 2375 qui
1015 2352 1086 2368 sem-

200 2389 272 2419 “per
291 2387 348 2412 duo
368 2394 426 2411 esse
446 2387 557 2416 debent.
577 2389 656 2411 stans
677 2395 738 2411 cum
759 2387 878 2410 flabello
897 2394 984 2418 prope
998 2394 1086 2411 sacer-

202 2430 214 2442 “
225 2430 329 2459 dotem,
347 2437 380 2454 ex
402 2437 457 2461 quo
472 2437 628 2454 muscarum
643 2430 795 2454 infestatio
809 2437 957 2461 exsurgere
972 2430 1085 2462 incipit,

201 2473 313 2496 “donec
333 2471 457 2499 finiatur.
477 2480 523 2496 eas
543 2479 635 2496 arcere
655 2479 671 2496 a
691 2471 830 2496 sacrificio
843 2474 869 2495 et
878 2472 915 2495 ab
929 2472 1024 2502 altari,
1037 2479 1084 2496 seu

201 2515 213 2527 '¹
223 2514 259 2538 ab
271 2515 333 2546 ipso
348 2514 498 2542 sacerdote.
513 2521 570 2538 non
586 2514 709 2546 negligit
720 2531 741 2544 „.
780 2514 824 2538 Cf.
846 2513 922 2538 Vetus
935 2515 999 2538 disc.
1019 2523 1084 2538 mon.

200 2556 257 2583 cit..
278 2563 303 2587 p.
324 2562 383 2587 ²23·

285 2596 296 2612 ²
314 2598 477 2625 Prandeum.
497 2596 547 2630 piu
566 2598 742 2622 usualmente
761 2598 913 2628 brandeum,
934 2606 980 2622 era
995 2598 1021 2621 la
1041 2599 1084 2622 to-

202 2640 298 2673 vaglia
317 2639 484 2669 deu’altare,
504 2648 520 2664 o
540 2641 570 2664 di
590 2642 648 2664 seta
674 2648 690 2664 o
717 2641 746 2664 di
766 2641 837 2668 lino.
857 2648 870 2664 e
897 2641 946 2664 che
971 2640 1085 2664 servlva

200 2688 268 2713 pure
286 2689 301 2705 a
321 2681 463 2705 custodire
483 2682 491 2704 i
512 2683 573 2705 vasi
594 2683 664 2705 sacri
686 2690 702 2705 ο
723 2681 843 2712 reliquie
859 2682 886 2705 di
908 2683 992 2706 santi.

287 2721 298 2738 ³
318 2723 352 2748 V.
371 2731 396 2754 p.
419 2730 458 2755 17,
479 2731 505 2747 n.
525 2729 554 2754 7;
575 2731 600 2755 p.
622 2723 660 2754 18,
683 2731 709 2747 n.
729 2731 754 2755 3.

286 2764 295 2780 ⁴
317 2766 429 2789 Froccus
443 2773 459 2789 ο
472 2766 572 2798 floccus
586 2766 710 2790 dicevasi
726 2766 752 2789 la
766 2768 846 2798 parte
865 2766 1008 2797 superiore
1026 2765 1084 2788 del-

198 2807 299 2832 I'abito
319 2807 488 2838 monastico,
510 2816 526 2832 υ
546 2808 710 2839 cappuccio.
731 2808 806 2832 della
827 2808 919 2831 forma
933 2807 978 2831 del
993 2808 1084 2831 cosid-

199 2849 279 2873 detto
298 2849 453 2880 cappuccio
472 2848 548 2872 della
567 2849 702 2873 moderna
723 2857 811 2881 cappa
831 2849 992 2882 prelatizia.

286 2889 296 2904 ⁵
317 2891 460 2923 Ruggiero
480 2891 508 2915 di
529 2890 556 2915 S.
576 2891 721 2920 Severino,
747 2891 827 2924 figlio
848 2892 892 2916 del
918 2891 1086 2916 Normanno

201 2933 345 2965 Turgisio,
364 2941 522 2965 compagno
550 2933 580 2958 di
607 2934 735 2958 Roberto
763 2933 933 2962 Guiscardo,
960 2941 1037 2958 come
1061 2935 1086 2957 si

201 2975 270 2999 vede
289 2975 324 2999 da
343 2977 442 3006 questa
462 2976 637 3006 narrazione,
657 2975 688 2999 su
708 2976 799 3008 prima
818 2976 905 3000 ostile
924 2977 951 3000 ai
972 2977 1083 3000 monaci

1139 1969 1168 1992 dl
1183 1968 1268 1997 Cava.
1288 1968 1337 1991 che
1357 1975 1485 1991 avevano
1500 1968 1704 1999 possedimenti
1720 1974 1735 1991 a
1749 1968 1858 1991 confine
1871 1970 1916 1992 coi
1933 1970 1991 1991 suoi
2008 1976 2023 1991 a

1139 2009 1378 2041 Roccaplemonte
1397 2017 1410 2033 e
1425 2010 1469 2033 nel
1484 2008 1610 2038 Cilent0‚
1632 2011 1707 2034 forse
1727 2009 1827 2041 perche
1847 2011 1944 2033 donati
1962 2011 2023 2034 loro

1139 2052 1184 2076 dal
1200 2053 1284 2084 padre
1299 2060 1363 2080 ειιυς
1379 2052 1500 2076 divenne
1511 2053 1556 2084 poi
1569 2052 1613 2076 col
1631 2053 1744 2076 fratello
1759 2051 1893 2084 'surgisio
1909 2060 1965 2077 uno
1979 2052 2024 2076 dei

1138 2095 1239 2125 grandi
1261 2093 1433 2117 benesattori
1454 2094 1497 2117 dei
1519 2094 1649 2117 vavensi:
1670 2094 1721 2117 ben
1743 2096 1807 2117 otto
1827 2093 1950 2125 diplomi
1968 2094 2023 2117 essi

1139 2136 1336 2159 concedettero
1355 2143 1371 2159 a
1389 2142 1438 2159 san
1460 2135 1556 2159 Pietro
1575 2135 1723 2159 dall’anno
1747 2136 1808 2159 1081
1832 2135 1859 2159 al
1888 2142 1950 2159 1121
1976 2143 2024 2167 per

1139 2179 1232 2202 chiese
1251 2179 1279 2202 di
1306 2178 1332 2201 S.
1361 2177 1452 2201 Maria
1481 2179 1510 2201 in
1541 2178 1779 2208 Roccapiemdntc
1805 2186 1820 2201 e
1838 2178 1866 2202 S.
1885 2177 1972 2201 Lucia
1994 2179 2023 2201 in

1139 2221 1285 2249 Montoro,
1308 2220 1423 2244 vassalli
1443 2227 1457 2243 e
1477 2222 1549 2244 terre
1570 2220 1613 2243 nel
1635 2218 1763 2250 Cilento,
1782 2222 1860 2252 parte
1874 2220 1917 2244 del
1933 2220 2023 2244 casale

1139 2263 1167 2286 di
1179 2263 1311 2287 Selefone
1325 2270 1339 2286 e
1353 2262 1450 2293 quello
1462 2262 1490 2285 di
1502 2262 1527 2286 S.
1544 2262 1643 2286 Mauro
1655 2262 1770 2286 Cilento
1785 2262 1831 2292 (A.
1843 2262 1884 2289 C..
1897 2262 1925 2286 B.
1941 2270 1967 2287 n.
1985 2269 2025 2292 ¹7·

1140 2311 1182 2333 π,
1203 2303 1243 2332 28.
1263 2305 1297 2328 D.
1317 2305 1359 2336 38,
1379 2304 1408 2328 E.
1431 2311 1471 2335 23,
1493 2303 1534 2331 26,
1554 2311 1597 2336 33,
1623 2304 1653 2328 F.
1684 2304 1732 2335 18).
1771 2305 1821 2327 Nel
1854 2311 1918 2328 1111
1951 2305 2023 2335 Rug-

1138 2348 1218 2379 giero
1239 2346 1268 2370 fu
1289 2348 1425 2377 presente,
1445 2346 1489 2369 nel
1510 2346 1597 2377 luogo
1610 2346 1689 2370 detto
1709 2344 1901 2375 Cammerelle,
1917 2347 1940 2369 al
1956 2353 2023 2369 con·

1138 2389 1193 2412 fine
1212 2390 1254 2412 tra
1275 2387 1352 2412 Cava
1366 2395 1380 2412 e
1394 2388 1513 2418 Nocera,
1527 2396 1541 2411 3
1557 2396 1610 2412 una
1627 2389 1759 2413 riunione
1774 2388 1872 2412 voluta
1886 2388 1931 2411 dal
1946 2388 2023 2412 Duca

1139 2429 1292 2461 RuggierO.
1312 2430 1342 2453 in
1361 2430 1406 2453 cui
1427 2429 1482 2452 alla
1504 2436 1634 2461 prescnza
1649 2437 1716 2461 pure
1730 2429 1756 2452 di
1772 2430 1880 2461 Sergm,
1895 2430 2023 2461 principe

1138 2472 1165 2495 di
1187 2471 1332 2499 Sorrento,
1352 2470 1502 2498 Riccardo,
1530 2473 1613 2494 conte
1638 2471 1667 2494 di
1687 2470 1786 2498 Sarno.
1813 2471 1974 2502 Guglielmo
1995 2471 2024 2494 di

1139 2515 1274 2546 Angerio,
1295 2514 1436 2538 venivano
1456 2515 1643 2538 riconosciuti
1665 2513 1699 2537 da
1719 2512 1867 2537 Giordano
1888 2513 1921 2542 ΙΙ,
1948 2514 2024 2545 prin-

1139 2557 1200 2588 cipe
1219 2557 1246 2580 di
1263 2555 1370 2587 Capua,
1389 2563 1403 2579 a
1419 2563 1467 2579 san
1487 2556 1594 2583 Pietro‚
1613 2556 1662 2579 che
1681 2562 1727 2579 era
1741 2558 1964 2587 accompagnato
1978 2556 2022 2579 dal

1139 2599 1233 2630 priore
1253 2598 1405 2622 Gaideleto
1427 2606 1440 2621 e
1460 2599 1580 2627 monaci,
1600 2598 1610 2621 i
1636 2599 1756 2629 possessi
1784 2597 1827 2621 dcl
1854 2597 1974 2621 castello
1994 2597 2022 2621 di

1138 2639 1166 2664 S.
1184 2639 1326 2664 Adlutore
1346 2640 1375 2663 di
1395 2639 1482 2666 Cava.
1502 2647 1515 2662 e
1536 2639 1559 2663 le
1580 2642 1651 2663 terre
1672 2642 1756 2663 avute
1777 2640 1804 2662 in
1827 2639 1912 2662 feudo
1926 2639 2023 2663 aRor-

1138 2683 1317 2714 capiemonte
1345 2689 1397 2705 con
1427 2682 1559 2713 garanzle
1589 2681 1619 2705 di
1642 2682 1763 2713 rispetto
1783 2682 1821 2708 (v.
1851 2682 1970 2705 l'elenco
1996 2682 2023 2704 di

1139 2724 1230 2755 questi
1256 2724 1416 2748 documenti
1437 2731 1451 2747 e
1472 2724 1491 2747 il
1513 2725 1587 2747 testo
1613 2724 1641 2746 di
1662 2724 1757 2747 alcuni
1779 2724 1809 2747 in
1835 2724 1926 2748 R1ccA
1952 2723 2025 2747 Em-

1138 2772 1206 2793 SMO,
1226 2767 1353 2790 Discorso
1370 2767 1502 2797 generale
1521 2767 1595 2789 della
1620 2766 1752 2797 samiglia
1780 2766 1942 2796 Filangieri.
1969 2765 2023 2789 Na—

1139 2808 1210 2839 poli,
1237 2807 1311 2839 1803,
1331 2815 1356 2839 p.
1377 2814 1406 2838 ¹3
1427 2814 1442 2830 e
1465 2814 1510 2839 ¹93
1530 2807 1566 2831 cf.
1585 2807 1769 2831 Poa‘rsxova
1796 2807 1839 2836 G.‚
1861 2808 1887 2830 ll
1907 2808 2024 2832 Castello

1139 2850 1169 2873 di
1187 2850 1214 2874 S.
1237 2850 1367 2874 Severino
1381 2851 1426 2873 uel
1442 2850 1526 2873 secolo
1547 2850 1630 2873 XIII
1645 2857 1658 2872 e
1677 2848 1705 2873 S.
1732 2850 1865 2873 Tommaso
1884 2849 2024 2880 d'Aquino,

1140 2892 1228 2916 Badia
1248 2892 1277 2916 di
1298 2891 1385 2919 Cava,
1408 2891 1493 2924 1924).
1531 2891 1541 2915 I
1567 2891 1758 2916 Sanseverino
1785 2892 1889 2916 furono
1916 2892 2023 2915 imitati

1139 2933 1214 2958 nene
1233 2934 1389 2966 largizioni
1422 2933 1478 2957 alla
1508 2933 1596 2958 Badia
1625 2933 1652 2957 di
1685 2933 1762 2958 Cava
1789 2934 1835 2957 dai
1865 2934 2020 2966 FilangIeri

1141 2974 1182 3006 (v.
1200 2976 1302 3005 RicCA,
1321 2980 1362 3008 op.
1383 2977 1437 3003 cit„
1457 2983 1484 3008 p.
1506 2982 1535 2999 12
1554 2983 1569 2999 e
1589 2978 1650 3009 sg.).

2051 2143 2085 2167 30

2052 2354 2083 2378 35

2052 2560 2085 2583 40

2051 2770 2082 2796 43

2050 2981 2084 3006 50

2103 713 2122 728 t.
2137 713 2182 730 197

2114 1504 2131 1518 ι.
2147 1504 2194 1521 mv
