2280 3476
132 894 207 915 Μυκ..
224 899 260 912 212

274 2778 304 2795 10

580 167 743 204 VITAE
772 168 1035 206 QUATUOR
1064 168 1307 204 PRIORUM
1332 168 1594 205 ABBATUM
1622 171 1933 207 CAVENSIUM

339 299 446 342 ipsius
468 299 715 341 Redemptoris
737 300 946 341 presentiam
970 299 1102 331 meruit.
1150 298 1235 330 Cum
1259 306 1373 332 autem
1398 301 1523 332 fratres
1539 311 1559 332 a
1581 301 1773 334 refectione
1797 309 1984 345 surgerent,
2009 304 2167 336 cellulam

343 353 414 384 eius
436 353 604 384 intrantes
630 353 833 384 defunctum
859 353 1066 384 invenerunt
1094 352 1141 383 ita
1163 352 1328 384 membris
1361 353 1577 394 dispositum,
1600 360 1637 386 ut
1669 364 1771 386 orans
1793 365 1861 387 non
1888 361 2041 388 mortuus
2067 358 2164 388 credi

340 410 465 446 posset,
489 405 555 437 nisi
579 410 701 442 tactus,
733 405 816 446 quid
849 406 891 437 de
921 415 961 436 eo
986 406 1118 436 factum
1143 411 1242 442 esset,
1277 405 1460 437 indicaret.
1505 407 1607 438 Tunc
1631 406 1706 449 quis
1733 417 1848 438 meror
1871 413 1905 440 et
1929 408 2039 440 luctus
2062 410 2167 441 fuerit

342 458 441 489 simul
465 458 624 496 omnium,
649 459 724 500 quis
750 463 784 489 et
808 463 955 499 quantus
979 457 1079 489 dolor
1102 463 1136 489 et
1159 457 1294 489 tristitia
1318 458 1540 501 singulorum,
1564 459 1635 491 dici
1657 459 1775 501 lingua
1805 470 2020 502 nequaquam
2045 467 2166 503 potest.

340 511 441 542 Pater
465 511 604 553 quidem
628 517 768 543 sanctus
792 510 951 543 absentes
975 510 1166 551 discipulos
1189 510 1318 542 habere
1335 511 1485 543 moriens
1503 511 1621 551 voluit,
1645 517 1682 543 ut
1705 513 1753 543 eis
1777 522 1946 544 merorem
1970 524 2029 545 sue
2048 515 2167 546 mortis
2213 513 2231 545 5

340 564 477 595 auferre
502 563 687 595 debuisset.
733 563 862 595 Verum
886 564 978 595 unde
1003 564 1051 594 eis
1074 563 1232 606 mitigare
1255 563 1409 595 dolorem
1426 563 1584 602 credidit,
1602 565 1806 606 duplicavit,
1829 566 2039 598 merentibus
2061 567 2166 609 siqui-

343 618 420 649 dem
446 616 603 648 omnibus
629 627 697 648 non
721 617 841 655 solum,
867 617 946 659 quia
969 622 1082 648 tantus
1102 616 1211 657 pater‘
1236 616 1331 653 obiit,
1355 617 1416 648 sed
1441 617 1554 658 etiam,
1579 618 1659 660 quia
1682 623 1871 658 presentes,
1888 628 1972 660 quos
1988 619 2166 658 nutrierat,

340 670 466 702 habere
491 670 672 702 recusavit.
718 669 789 702 Sed
813 670 958 701 fortasse
984 679 1101 700 eorum
1125 669 1286 710 strepitus
1313 669 1441 701 rectius
1463 670 1586 702 vitasse
1618 670 1851 712 cognoscitur,
1873 676 1911 702 ut
1937 677 2070 703 secrete
2095 681 2169 703 ora-

337 723 441 756 tionis
460 723 575 765 quiete
601 723 769 754 venientis
793 723 896 754 Ihesu
920 722 1095 754 maiestate
1120 722 1261 753 liberius
1284 722 1466 754 frueretur.
1513 722 1693 755 Tollentes
1716 728 1829 754 autem
1853 724 2018 765 discipuli
2041 734 2168 766 corpus

339 777 421 818 eius,
446 776 480 807 in
503 775 624 808 eodem
647 776 765 818 speleo
790 776 883 808 circa
907 776 1103 811 oratorium,
1128 775 1221 816 quod
1244 774 1335 806 idem
1358 775 1410 806 vir
1434 775 1499 806 Dei
1523 782 1772 813 construxerat,
1797 775 2028 808 condiderunt
2041 775 2062 808 ¹.

427 830 502 861 Hec
524 836 637 861 autem
661 830 704 861 de
729 830 799 860 vita
823 834 857 860 et
880 828 974 860 obitu
999 828 1062 859 viri
1087 828 1188 859 valde
1213 826 1420 859 venerabilis
1441 827 1567 860 Alferii
1590 827 1736 865 abbatis,
1754 835 1822 860 tam
1840 829 1884 860 de
1907 829 2044 870 scriptis
2060 829 2168 861 Desi'-

340 884 427 915 derii
449 882 583 915 abbatis
606 882 737 914 Montis
753 882 960 920 Casinensis,
979 892 1079 923 quam
1096 882 1139 912 de
1156 880 1401 912 assertionibus
1424 891 1543 912 senum
1566 881 1765 914 monasterii
1787 882 1823 912 in
1847 892 1991 923 parvum
2013 881 2168 914 libellum

340 936 566 968 contulimus:
590 945 681 966 nunc
706 935 750 966 ad
775 945 824 971 ea,
851 945 917 977 que
942 941 1018 976 post
1042 935 1114 966 eius
1139 934 1267 965 obitum
1293 933 1328 964 in
1351 934 1475 965 eodem
1499 935 1708 966 monasterio
1740 941 1818 966 sunt
1847 940 1954 977 gesta,
1979 935 2166 966 veniamus.

339 989 451 1030 Supra
472 988 628 1020 retulisse
653 999 706 1019 me
731 987 883 1025 memini,
907 987 986 1030 quia
1011 987 1235 1019 demoniacus
1258 987 1303 1017 ad
1326 987 1521 1027 sepulcrum
1547 988 1620 1019 eius
1636 986 1789 1024 dela'tus,
1805 993 1842 1019 ut
1857 988 1962 1024 venit,
1979 998 1998 1019 a
2014 988 2166 1031 maligno

337 1042 458 1084 spiritu
481 1042 645 1074 liberatus
661 1047 721 1073 est.
769 1039 883 1078 Quem
901 1040 1064 1082 optimum
1087 1040 1258 1082 pictorem
1274 1039 1381 1072 fuisse
1399 1045 1564 1077 asserunt,
1583 1046 1674 1071 utne
1698 1041 1802 1071 tantis
1826 1039 2001 1072 beneficiis
2017 1041 2168 1083 ingratus
2194 1040 2231 1072 15

337 1095 513 1133 extitisset,
538 1095 724 1126 ecclesiam
746 1099 867 1125 sancte
884 1093 1074 1135 Trinitatis,
1091 1103 1192 1135 quam
1209 1093 1463 1134 suffraganeam
1477 1091 1488 1109 ²
1511 1098 1647 1130 vocant,
1664 1093 1698 1124 in
1714 1093 1849 1135 signum
1874 1093 2092 1125 liberationis
2109 1103 2167 1125 sue

338 1147 488 1189 propriis
510 1147 667 1179 manibus
691 1146 859 1188 depinxit.

426 1200 580 1238 Quidam
604 1205 762 1241 preterea
785 1200 893 1231 frater
918 1205 991 1231 erat
1015 1199 1051 1231 in
1075 1198 1294 1236 monasterio,
1326 1197 1494 1230 Nicolaus
1528 1198 1677 1239 nomine,
1709 1198 1761 1229 vir
1792 1199 1931 1240 quidem
1963 1198 2062 1230 valde
2086 1198 2167 1230 reli-

338 1255 463 1297 giosus,
486 1254 548 1285 sed
565 1253 724 1295 malignis
741 1253 855 1284 adhuc
871 1253 1003 1295 antiqui
1020 1253 1127 1284 hostis
1143 1251 1242 1283 bellis
1259 1251 1444 1294 expositus.
1490 1251 1578 1283 Nam
1602 1251 1759 1294 quotiens
1782 1251 2037 1284 communicare
2054 1251 2170 1294 dispo-

337 1307 452 1346 nebat,
475 1307 561 1338 illud
584 1307 616 1338 ei
640 1306 811 1338 diabolica
834 1306 993 1338 illusione
1019 1305 1252 1348 contingebat,
1277 1305 1370 1346 quod
1394 1304 1450 1346 qui
1475 1305 1662 1346 patiuntur,
1686 1305 1730 1336 ad
1753 1310 1968 1337 sacramenta
1992 1305 2168 1336 dominica
2191 1304 2233 1336 20

336 1361 505 1392 accedere
522 1370 591 1391 non
608 1365 817 1401 presumunt.
865 1359 982 1390 Multis
1005 1368 1143 1402 quoque
1168 1358 1305 1389 ieiuniis
1329 1363 1362 1389 et
1378 1357 1599 1395 orationibus,
1622 1357 1757 1388 fletibus
1773 1367 1910 1399 quoque
1927 1362 1962 1389 et
1979 1357 2169 1389 confessio-

337 1413 447 1451 nibus,
470 1412 682 1454 probationis
705 1423 764 1444 sue
788 1422 906 1444 causas
931 1411 1110 1445 abscidere
1133 1411 1333 1453 temptabat,
1357 1416 1391 1442 et
1413 1412 1538 1442 tamen'
1562 1410 1701 1442 liberari
1724 1420 1793 1441 non
1817 1416 1961 1451 poterat.
2008 1410 2166 1442 Tandem

337 1466 464 1498 salubri
487 1471 627 1507 reperto
652 1465 805 1506 consilio,
831 1466 874 1497 ad
897 1465 1061 1497 tumulum
1083 1465 1194 1496 sancti
1219 1464 1282 1495 viri
1308 1464 1430 1496 orandi
1451 1463 1735 1495 consuetudinem
1759 1463 1855 1495 fecit.
1902 1462 2062 1500 Quadam
2085 1473 2168 1496 vero

337 1520 405 1557 die,
430 1520 510 1551 dum
534 1519 605 1550 illic
630 1518 735 1550 tristis
759 1525 884 1557 oraret,
908 1525 1011 1560 atque
1031 1528 1049 1549 a
1065 1517 1215 1549 Domino
1233 1517 1346 1549 carnis
1369 1527 1428 1548 sue
1452 1517 1654 1548 munditiam
1678 1516 1787 1548 solitis
1809 1515 2001 1548 meroribus
2025 1522 2170 1558 peteret,

335 1579 372 1604 ut
395 1573 482 1604 solet
505 1572 714 1604 merentibus
738 1572 899 1604 accidere
923 1582 985 1613 pre
1008 1571 1157 1608 tristitia,
1181 1569 1404 1602 obdormivit.
1449 1569 1515 1601 Cui
1535 1569 1570 1599 in
1594 1569 1794 1600 venerando
1817 1569 1934 1600 habitu
1957 1575 2056 1610 pater
2074 1569 2168 1601 idern

334 1632 472 1658 sanctus
496 1625 666 1667 apparuit,
684 1631 717 1657 et
734 1625 777 1656 ab
793 1635 835 1656 eo
852 1635 972 1656 causas
995 1625 1082 1657 tanti
1106 1623 1234 1656 doloris
1257 1622 1444 1664 inquisivit.
1489 1621 1646 1665 Cumque
1670 1622 1731 1653 ille
1756 1621 1840 1664 quid
1864 1627 2038 1663 pateretur
2061 1633 2167 1664 expo-

334 1685 442 1716 neret,
466 1679 545 1710 fons
568 1678 666 1710 vivus
690 1684 768 1709 ante
792 1678 946 1709 eiusdem
971 1677 1110 1709 oratorii
1134 1677 1242 1708 altare
1265 1676 1355 1707 visus
1378 1681 1429 1707 est
1456 1685 1610 1718 surgere,
1634 1675 1671 1706 in
1697 1685 1764 1716 quo
1788 1685 1865 1706 eum
1889 1684 1995 1706 senex
2025 1685 2168 1706 venera-

334 1732 413 1764 bilis
435 1731 605 1774 deposuit,
631 1731 722 1772 lavit,
748 1736 781 1762 et
806 1731 895 1762 dixit
920 1731 966 1762 ei:
992 1730 1105 1771 Vade,
1129 1730 1208 1772 quia
1233 1729 1355 1761 amodo
1380 1729 1445 1760 iam
1474 1728 1621 1760 mundus
1652 1728 1728 1759 eris.
1777 1726 1883 1764 Quod
1908 1733 1941 1759 et
1965 1728 2013 1759 ita
2036 1728 2166 1760 factum

335 1791 396 1817 est.
445 1785 533 1817 Nam
558 1795 601 1816 ex
623 1784 684 1816 illo
708 1785 778 1816 iam
801 1785 858 1816 die
882 1784 1050 1815 immundi
1073 1783 1212 1825 spiritus
1235 1782 1335 1814 solita
1359 1782 1605 1823 impedimenta
1629 1792 1699 1814 non
1723 1780 1876 1822 pertulit.

422 1838 671 1870 Anniversaria
695 1836 926 1880 depositionis'
943 1837 1177 1878 sollempnitas
1200 1837 1237 1867 in
1260 1836 1469 1867 monasterio
1493 1835 1670 1877 agebatur,
1688 1845 1764 1866 cum
1781 1835 1833 1866 vir
1849 1834 1917 1866 vite
1942 1834 2041 1866 valde
2066 1844 2168 1867 vene-

333 1892 451 1924 rabilis
474 1892 581 1924 abbas
605 1892 726 1923 Petrus
751 1892 793 1922 de
819 1891 964 1923 fratrum
997 1890 1191 1921 refectione
1221 1889 1398 1930 sollicitus,
1424 1899 1485 1929 per
1514 1888 1627 1920 omnia
1659 1888 1734 1919 fere
1765 1888 1868 1919 maris
1901 1887 2002 1920 litora
2032 1887 2167 1929 regioni

333 1945 487 1986 proxima
510 1945 622 1986 pisces
644 1944 790 1986 quesivit
803 1944 823 1984 ³,
850 1950 883 1976 et
906 1944 1063 1975 invenire
1088 1953 1156 1974 non
1181 1943 1300 1984 potuit.
1347 1941 1494 1974 Reversi
1517 1943 1630 1984 itaque
1654 1947 1741 1981 sunt,
1758 1941 1817 1983 qui
1840 1940 1933 1971 missi
1956 1940 2106 1977 fuerant,
2123 1940 2167 1972 ab

335 1998 491 2029 omnibus
521 1997 588 2028 illis
612 1997 787 2029 maritimis
812 2008 978 2039 nusquam
1004 1998 1113 2037 pisces
1143 1996 1299 2027 invenire
1331 2006 1367 2026 se
1399 1995 1549 2036 potuisse
1582 1994 1785 2026 referentes.
1831 1993 1933 2024 Tunc
1957 1992 2059 2024 valde
2082 2003 2166 2025 con-

334 2051 461 2083 tristari
486 2051 537 2082 vir
561 2051 662 2082 valde
687 2050 895 2082 venerabilis
919 2050 1021 2092 cepit,
1046 2050 1126 2091 quia
1151 2049 1243 2080 diem
1275 2048 1530 2090 predecessoris
1552 2047 1614 2083 sui,
1636 2057 1703 2089 qua
1728 2046 1894 2088 cupierat,
1919 2045 2065 2077 karitate
2089 2056 2167 2087 pro-

333 2105 432 2146 sequi
457 2114 524 2136 non
550 2104 697 2135 valebat.
744 2103 815 2135 Sed
839 2104 932 2145 quod
956 2103 1118 2134 defuerat
1148 2103 1183 2133 in
1217 2102 1372 2144 angustia
1404 2101 1567 2142 temporis
1598 2100 1724 2142 posito,
1748 2099 1780 2130 ei
1806 2098 1859 2130 cui
1885 2099 1950 2130 iam
1975 2099 2068 2130 Deus
2093 2105 2167 2131 erat
2189 2099 2231 2131 35

333 2158 450 2189 omnia
473 2158 506 2188 in
533 2157 699 2198 omnibus,
725 2157 846 2189 deesse
870 2167 938 2188 non
963 2156 1083 2197 potuit.
1132 2155 1194 2186 Die
1219 2155 1346 2186 etenim
1369 2154 1428 2185 illa
1452 2154 1596 2185 fratrum
1622 2163 1743 2184 cenam
1773 2157 1872 2193 pater
1903 2157 2043 2183 sanctus
2067 2151 2166 2184 Alfe-

334 2212 403 2242 rius
439 2210 642 2242 affluentem
677 2210 823 2250 paravit.
872 2210 1039 2251 Egressus
1073 2209 1242 2251 siquidem
1278 2208 1401 2240 Petrus
1431 2206 1642 2238 venerabilis
1675 2205 1783 2237 abbas
1816 2204 1859 2237 de
1885 2204 2060 2246 capi'tulo,
2086 2212 2166 2237 ante

335 2264 475 2294 claustri
498 2263 636 2294 ianuam
661 2263 847 2303 cophinum
874 2262 1013 2303 plenum
1037 2261 1170 2303 magnis
1192 2261 1345 2302 piscibus
1368 2260 1465 2291 vidit.
1514 2259 1627 2296 Quem
1652 2269 1730 2290 cum
1755 2258 1920 2289 instanter
1950 2257 2024 2299 quis
2056 2258 2165 2299 depo-

2192 779 2231 809 10

2191 1569 2231 1601 25

2191 1835 2233 1867 30

1275 2390 1319 2413 nel
1343 2396 1418 2421 1912,
1437 2389 1507 2413 tolte
1527 2389 1552 2412 le
1572 2396 1619 2412 sue
1644 2395 1708 2412 ossa
1727 2387 1773 2411 dal
1794 2387 1930 2418 sepolcro,
1953 2387 2055 2410 furono
2085 2389 2165 2418 poste
2196 2394 2225 2419 15

424 2391 429 2405 ¹
452 2394 570 2417 Annales
592 2394 743 2416 Cavenses:
762 2393 773 2403 ‘¹
793 2398 866 2422 1050.
888 2392 944 2415 Leo
973 2399 1045 2423 papa
1070 2393 1218 2415 ordinatus

336 2436 405 2458 “est.
427 2435 459 2458 Et
481 2435 599 2458 domnus
619 2434 782 2457 Adelserius
813 2435 897 2457 abbas
929 2434 1094 2457 monasterii
1123 2436 1220 2456 sancte

333 2478 345 2490 ‘¹
358 2477 513 2500 Trinitatis
534 2477 606 2500 obiit
617 2494 638 2506 „.
665 2477 780 2500 lsalcnd.
803 2476 831 2499 in
854 2483 902 2499 ms.
918 2476 1030 2499 membr.
1045 2483 1072 2499 n.
1089 2483 1126 2507 ¹9·
1143 2475 1221 2498 “Pri-

334 2518 404 2542 “die
424 2519 488 2542 idus
509 2519 588 2549 aprili
609 2519 762 2551 Depositio
783 2519 879 2541 domni
901 2518 1004 2541 Alserii
1032 2518 1144 2541 abbatis
1157 2533 1177 2544 „.
1198 2518 1219 2540 ll

336 2566 363 2583 12
384 2560 475 2591 aprile
498 2564 564 2590 1050
583 2567 628 2583 era
650 2560 669 2583 il
689 2557 804 2591 giovedl
825 2559 898 2582 della
919 2560 1069 2582 settimana
1090 2561 1179 2582 santa.
1198 2558 1221 2581 11

332 2609 418 2633 corpo
439 2602 465 2624 di
488 2601 675 2625 sant'Alserio
692 2602 719 2624 su
735 2601 846 2632 sepolto
862 2601 891 2624 in
907 2608 960 2623 una
976 2601 1070 2623 tomba
1087 2601 1221 2626 modesta,

333 2644 407 2667 nella
431 2644 526 2674 grotta
547 2643 581 2666 da
614 2644 655 2666 lui
676 2643 781 2666 abitata
811 2643 861 2665 che
881 2643 992 2665 sei-viva
1013 2642 1047 2665 da
1083 2643 1221 2672 oratorio,

332 2688 492 2710 consisteva
513 2688 540 2709 in
562 2694 599 2709 un
624 2687 757 2718 seniplice
784 2688 905 2710 muretto
932 2685 1043 2709 elevato
1070 2685 1113 2708 sul
1134 2685 1222 2716 piano

332 2729 406 2752 della
427 2730 520 2752 roccia
547 2735 595 2760 per
613 2731 654 2752 tre
674 2729 735 2758 lati,
763 2728 783 2751 il
804 2729 905 2758 quarto
926 2728 984 2751 lato
1014 2734 1059 2750 cra
1084 2727 1108 2749 la
1130 2728 1221 2750 roccia

332 2773 426 2799 stessa,
447 2771 489 2793 sul
511 2772 632 2794 muretto
645 2778 699 2794 una
713 2770 854 2794 voltieina
867 2771 894 2792 in
916 2771 1057 2793 muratum
1073 2771 1221 2792 sosteneva

332 2820 386 2836 una
407 2813 494 2836 lastra
508 2813 613 2843 grande
633 2812 661 2835 di
683 2820 788 2836 ruarmo
800 2814 900 2835 ornata
913 2811 987 2834 nella
1002 2818 1049 2834 sua
1064 2810 1221 2841 lunghezza

331 2863 344 2878 e
372 2855 519 2886 larghezza
548 2855 577 2877 di
606 2862 660 2877 una
684 2861 763 2877 croce
792 2855 820 2877 in
852 2854 976 2877 mosaico
1006 2855 1180 2876 cosmatesco
1207 2860 1221 2875 a

331 2896 463 2926 quadrati
478 2896 505 2919 di
519 2896 627 2927 porfido
648 2904 661 2919 e
682 2897 863 2927 serpentino:
877 2902 959 2927 sopra
974 2895 1001 2918 di
1023 2901 1081 2918 essa
1097 2894 1141 2917 nel
1157 2893 1220 2924 1641

331 2938 360 2962 fu
381 2939 490 2962 elevato
523 2946 559 2962 un
591 2946 661 2970 gran
694 2937 836 2961 mausoleo
867 2939 896 2960 in
917 2937 1017 2960 manni
1048 2937 1221 2969 policromi3

1279 2434 1305 2454 in
1328 2432 1447 2455 un'urna
1479 2431 1506 2454 di
1528 2431 1633 2454 bronzo
1654 2429 1795 2453 collocata
1813 2430 1891 2452 sotto
1911 2428 2021 2452 l’altare
2052 2428 2164 2452 elevato

1278 2474 1354 2497 nello
1373 2475 1461 2497 stesso
1481 2474 1563 2504 posto
1582 2471 1762 2496 adattandoi
1782 2471 1882 2495 marmi
1901 2471 1944 2494 del
1965 2470 2116 2494 mausoleo.

1363 2514 1374 2530 2
1393 2514 1495 2539 chiesa
1523 2514 1699 2547 suffrag-anea
1719 2513 1848 2545 significa
1874 2513 2052 2544 dipendente,
2072 2520 2086 2535 e
2105 2510 2162 2536 cosi

1277 2558 1369 2582 talora
1388 2565 1473 2581 erano
1493 2557 1633 2580 chismate
1654 2556 1679 2579 le
1698 2556 1790 2579 chiese
1809 2555 1946 2579 costruite
1966 2561 2017 2586 per
2034 2561 2086 2578 uso
2099 2561 2163 2586 pro-

1276 2601 1339 2631 prio
1360 2600 1404 2623 del
1425 2599 1538 2631 popolo.
1558 2598 1608 2621 che
1629 2605 1683 2621 non
1713 2604 1820 2629 sempre
1837 2597 1939 2628 poteva
1959 2598 2069 2620 entrare
2089 2595 2164 2619 nella

1275 2642 1369 2665 chiesa
1391 2642 1556 2665 monastica.

1363 2682 1373 2696 ³³
1392 2683 1445 2706 Era
1474 2683 1627 2714 prescritto
1658 2681 1729 2704 nelle
1760 2682 1828 2705 feste
1856 2687 1870 2703 e
1897 2680 2163 2704 nell’anniversario

1277 2726 1349 2750 della
1372 2727 1460 2749 morte
1480 2724 1649 2748 dell'abbate
1669 2723 1743 2747 dalle
1769 2723 1974 2747 eonsuetudines
1995 2721 2112 2745 Cluniae.
2133 2722 2162 2745 dl

1277 2769 1341 2792 dare
1367 2769 1391 2791 ai
1412 2768 1524 2791 monaci
1545 2773 1599 2789 una
1629 2767 1762 2797 pietanza
1782 2766 1813 2789 in
1832 2764 1882 2796 piu
1901 2764 1930 2787 di
1950 2771 2048 2795 pesce:
2075 2764 2162 2794 “ipso

1277 2810 1289 2822 ⁴⁴
1303 2810 1347 2833 die
1367 2810 1510 2833 habebunt
1531 2808 1632 2832 fratres
1653 2809 1681 2831 in
1702 2808 1856 2831 refectorio
1883 2805 2013 2838 generale
2032 2805 2161 2837 piscium,

1276 2851 1289 2863 “
1303 2852 1327 2874 si
1352 2851 1429 2875 valet
1449 2851 1567 2881 acquiri,
1587 2851 1614 2873 et
1635 2849 1820 2881 pigmentum,
1839 2850 1867 2872 et
1887 2847 2033 2871 duodecim
2059 2854 2161 2878 paupe-

1279 2892 1291 2904 “
1303 2900 1345 2916 res
1378 2894 1406 2916 in
1439 2892 1568 2924 hospitio
1601 2891 1795 2921 reficiuntur„.
1835 2890 1979 2914 Ummm
2006 2889 2160 2913 Consuetud.

1280 2936 1363 2963 Clun„
1383 2935 1413 2958 in
1433 2934 1546 2964 Mmrzs,
1566 2934 1672 2957 Patrol.
1692 2934 1749 2960 lat..
1769 2931 1890 2960 CXLIX,
1911 2931 1963 2955 col.
1984 2930 2042 2962 776.

2192 2603 2227 2620 20

2191 2811 2222 2837 ²5
