2300 3554
82 519 100 552 5

63 785 100 817 lo

65 1049 102 1083 15

62 1316 105 1348 20

78 1954 110 1973 10

81 2167 110 2193 ι5

80 2373 114 2392 20

82 2584 114 2611 ²5

84 2794 119 2820 30

357 177 521 214 VITAE
548 176 812 217 QUATUOR
842 178 1084 214 PRIORUM
1114 178 1371 214 ABBATUM
1402 177 1710 214 CAVENSIUM
1904 178 1944 212 13

209 308 385 351 Spelunca
408 310 511 342 etiam
536 320 602 341 non
629 309 729 342 vaide
761 315 834 342 erat
861 309 963 351 longe
989 322 1007 341 a
1032 310 1250 348 monasterio,
1281 321 1382 352 quam
1412 311 1495 342 mire
1527 309 1777 352 magnitudinis
1807 320 1949 350 serpens

122 361 326 404 optinuerat.
369 362 525 405 Cumque
550 369 681 395 terrore
706 362 798 394 illius
822 362 931 394 bestie
956 363 1068 394 locum
1093 363 1189 396 adire
1213 363 1324 395 incole
1358 364 1581 395 vehementer
1613 369 1815 400 metuerent,
1849 373 1950 393 vene—

120 414 229 447 rando
253 415 345 458 patri
367 415 478 448 Leoni
504 415 570 447 hoe
594 415 750 447 intimare
775 421 992 447 curaverunt.
1038 415 1154 456 Quod,
1179 422 1212 447 ut
1235 416 1412 458 cognovit,
1435 427 1470 447 se
1497 416 1596 448 homo
1623 416 1683 447 Dei
1702 416 1733 446 in
1760 416 1946 447 orationem

123 467 231 506 dedit,
254 474 357 511 atque
381 468 416 499 in
442 468 518 500 loco
543 467 614 506 illo,
637 468 671 499 in
696 478 763 510 quo
787 474 872 505 erat,
897 469 940 500 ita
964 469 1071 501 draco
1095 469 1270 501 extinctus
1294 469 1381 499 illius
1397 469 1554 500 oratione
1572 472 1653 508 est,'
1671 478 1712 499 ae
1729 469 1756 499 si
1775 478 1841 499 non
1860 469 1948 499 hunc

124 519 242 552 verbis
265 520 459 563 impeteret,
483 521 544 553 sed
568 520 689 553 trabali
714 521 806 553 telo¹
836 522 1002 553 viscerum
1035 522 1107 553 eius
1138 528 1270 553 secreta
1304 521 1510 563 perculisset
1523 522 1543 553 ².
1593 522 1654 553 llis
1685 532 1769 562 ergo
1794 527 1827 553 et
1852 521 1951 552 huius

123 572 214 606 modi
241 573 425 607 virtutibus
448 574 572 612 clarus,
590 583 666 606 cum
683 573 748 606 iam
766 574 866 616 plena
884 574 1014 606 dierum
1032 581 1208 606 senectute
1223 577 1233 593 ³
1250 582 1464 618 gravaretur,
1482 581 1600 606 eterne
1619 575 1743 617 quietis
1766 575 1950 610 levamine,

123 626 277 669 pondere
295 627 409 659 carnis
424 627 596 670 deposito,
611 633 789 669 susceptus
805 633 855 659 est
870 628 893 658 ⁴.
939 627 1045 660 Cuius
1062 628 1177 670 utique
1194 629 1361 665 meritum,
1381 634 1414 659 ut
1432 628 1504 669 ipsa
1522 628 1596 659 eius
1613 635 1718 659 morte
1736 628 1951 666 claresceret,

123 679 270 712 sevioris
285 680 447 713 elementi
464 680 590 712 virtute
607 679 793 717 subtracta,
811 690 877 711 non
902 681 974 711 sine
991 680 1123 722 ingenti
1141 681 1291 712 omnium
1310 681 1471 712 mentium
1489 687 1626 722 stupore
1644 686 1864 713 monstratum
1890 687 1950 713 est.

211 732 429 765 Venerabilis
451 743 588 776 nanque
611 733 721 765 sancti
738 733 801 765 viri
825 742 951 774 corpus
968 744 987 764 a
1005 733 1162 766 flentibus
1179 739 1213 765 et
1226 732 1404 764 orantibus
1428 733 1606 775 discipulis
1622 734 1655 764 in
1672 733 1820 765 oratorio
1837 743 1950 764 serva-

124 785 235 824 batur,
259 796 336 818 cum
359 796 446 818 unus
469 797 512 818 ex
537 786 647 818 cereis
669 796 772 828 super
796 785 960 818 feretrum
985 786 1123 825 cecidit,
1146 792 1180 818 et
1195 796 1298 828 super
1322 786 1476 827 pallium,
1494 796 1561 828 quo
1579 786 1809 827 operiebatur,
1827 793 1863 818 ut
1879 793 1952 818 erat

125 838 261 877 ardens,
284 839 450 878 incubuit,
473 839 534 872 sed
557 845 594 871 ut
608 839 694 871 tanti
719 839 782 870 viri
806 839 962 871 meritum
987 840 1168 881 panderet,
1192 840 1259 871 vim
1283 839 1418 870 luminis
1441 839 1559 870 habuit
1574 839 1648 871 sine
1673 839 1794 871 ardore
1812 839 1950 872 combu-

124 891 253 924 stionis.
300 892 389 925 Nam
415 902 492 924 cum
515 891 576 924 ad'
600 892 726 924 lectum
751 892 890 935 quidam
916 893 1037 924 fratres
1061 892 1180 924 oculos
1204 893 1369 930 levarent,
1393 898 1426 924 et
1450 891 1626 923 ardentem
1650 892 1683 923 in
1702 892 1823 933 pannis
1839 893 1950 934 ignem

123 945 335 988 aspicerent,
357 945 606 978 combustionis
623 946 808 987 dampnum
830 945 999 977 accidisse
1025 945 1262 977 crediderunt.
1307 945 1464 986 Cumque
1491 945 1691 976 festinanter
1714 945 1871 976 eumdem
1897 956 1953 976 ce-

124 1008 220 1030 reum
252 999 418 1037 levarent,
450 998 497 1030 ita
525 998 778 1041 operimentum
811 999 921 1030 sancti
952 998 1107 1040 corporis
1138 998 1267 1029 illesum
1298 997 1469 1040 apparuit,
1493 1008 1532 1029 ac
1556 997 1584 1029 si
1610 998 1697 1040 ignis
1720 999 1755 1030 in
1780 1008 1820 1030 eo
1845 999 1955 1030 nullus

127 1050 321 1084 cecidisset.
366 1051 468 1084 Tunc
499 1051 625 1083 fratres
655 1061 774 1083 omnes
803 1051 934 1094 ingenti
967 1051 1133 1083 miraculo
1164 1050 1381 1093 mirabilique
1414 1050 1523 1082 letitia
1553 1057 1691 1092 stupere
1721 1057 1824 1093 atque
1855 1051 1952 1083 simul

126 1104 280 1137 exultare
302 1109 481 1146 ceperunt,
505 1105 585 1136 dum
600 1104 710 1136 sancti
727 1104 835 1146 patris
852 1104 973 1136 merita
990 1110 1108 1135 nature
1125 1114 1184 1135 sue
1201 1103 1391 1135 cessatione
1410 1103 1580 1134 elementa
1596 1109 1687 1135 muta
1703 1104 1922 1145 predicarent
1934 1104 1954 1135 ⁸.

128 1155 233 1195 Quod
255 1157 401 1190 fortasse
424 1158 505 1190 ideo
529 1157 614 1189 foris
636 1163 810 1190 ostensum
828 1163 890 1195 est,
913 1163 950 1189 ut
972 1157 1158 1199 spiritualis
1174 1157 1273 1189 etiarn
1299 1156 1360 1188 viri
1387 1157 1536 1199 dignitas
1553 1157 1770 1188 convenienti
1789 1157 1955 1188 miraculo

126 1209 348 1252 spiritualiter
369 1210 571 1254 signaretur.
619 1209 751 1252 Aperte
775 1210 914 1253 quidem
938 1210 1134 1248 recolimus,
1165 1210 1245 1252 quia
1276 1209 1391 1250 rubus,
1415 1209 1448 1240 in
1472 1219 1540 1251 quo
1574 1209 1665 1240 Deus
1689 1209 1723 1240 in
1747 1210 1826 1252 igne
1850 1220 1954 1251 appa-

123 1263 202 1302 ruit,
217 1263 430 1295 illuminatus
445 1269 497 1295 est
512 1269 546 1295 et
563 1273 631 1295 non
647 1263 740 1295 arsit.
780 1262 909 1295 Habuit
934 1263 1056 1301 lumen,
1083 1263 1205 1294 ardore
1231 1262 1350 1300 caruit,
1375 1268 1412 1294 ut
1434 1262 1535 1293 sedes
1559 1262 1622 1293 Dei
1647 1262 1804 1294 meritum
1830 1262 1956 1294 habeat

128 1315 224 1355 lucis,
247 1325 316 1348 non
339 1315 467 1348 habeat
490 1315 684 1348 defectum·
708 1316 918 1348 minutionis.
961 1314 1065 1347 Pater
1088 1325 1173 1358 ergo
1190 1314 1399 1346 venerabilis
1415 1315 1605 1357 insignibus
1622 1321 1655 1346 et
1674 1315 1955 1347 convenientibus

128 1368 306 1402 miraculis
327 1375 483 1401 ostensus
506 1375 567 1407 est,
591 1369 674 1412 quia
697 1370 802 1407 hunc,
825 1374 863 1400 ut
887 1370 1000 1401 locum
1024 1368 1203 1410 proprium
1227 1367 1344 1399 divina
1368 1367 1424 1399 lux
1450 1378 1586 1409 semper
1615 1368 1768 1404 incoluit,
1796 1377 1895 1410 quem
1923 1374 1956 1400 ut

127 1422 305 1455 emeritum
326 1421 521 1459 illustravit,
546 1427 582 1454 et
605 1431 672 1465 que
688 1422 724 1454 in
747 1432 788 1454 eo
811 1432 873 1464 per
890 1422 1050 1454 ardorem
1068 1421 1271 1464 punirentur
1287 1430 1500 1463 nequaquam
1516 1420 1700 1453 invenit⁶.'

219 1566 227 1583 ¹
246 1567 349 1593 Sawru
375 1569 462 1593 Theb.:
485 1568 498 1581 “
510 1568 627 1593 Trabali
647 1568 708 1592 telo
727 1568 852 1601 perculit
863 1584 887 1598 ,,.

217 1607 228 1626 ¹
248 1610 311 1642 ugo
330 1611 458 1635 scriveva
478 1612 578 1642 questa
603 1610 671 1634 Vita
698 1611 774 1634 circa
793 1616 828 1641 70
847 1611 914 1634 anni
941 1611 1018 1641 dopo

131 1651 160 1676 la
178 1654 268 1677 morte
287 1652 331 1676 del
350 1654 444 1682 santo,
463 1652 496 1677 ed
516 1653 551 1677 ha
571 1652 685 1676 riferito
699 1650 744 1676 cio
759 1652 808 1676 che
827 1652 868 1684 gli
884 1659 930 1676 era
944 1653 1019 1676 stato

132 1695 307 1723 raccontsto,
327 1693 361 1719 ne
381 1694 610 1727 probabilmente
629 1702 680 1727 per
701 1695 721 1718 ii
740 1695 824 1718 breve
850 1696 945 1726 tempo
965 1694 1018 1718 che

133 1739 208 1763 visse
227 1745 242 1762 a
255 1737 334 1762 Cava
347 1736 415 1770 pote
433 1737 630 1762 controlIarne
644 1737 671 1761 la
685 1735 785 1762 verita.
823 1735 930 1764 Questo
946 1737 1020 1761 fatto

134 1780 346 1813 meraviguoso,
356 1781 431 1804 circa
441 1787 479 1805 un
490 1782 618 1812 serpente
631 1781 718 1804 mirae
730 1780 934 1812 magnitudinis,
946 1779 1021 1803 nella

134 1824 259 1849 santasIn
278 1823 416 1857 populare
434 1821 490 1855 puo
510 1830 578 1847 avei-
597 1824 686 1847 avuto
711 1823 824 1855 origine
849 1822 926 1847 daila
946 1822 1021 1846 vista

134 1867 164 1891 di
183 1873 239 1890 una
256 1865 364 1899 grande
382 1867 479 1898 grotta
506 1873 562 1889 non
590 1865 682 1889 molto
708 1864 834 1889 distante
859 1864 904 1888 dal
924 1871 1022 1888 monn—

135 1911 211 1934 stero
231 1909 276 1933 nel
295 1910 386 1942 punto
406 1909 437 1933 in
457 1910 502 1933 cui
523 1908 547 1932 si
566 1909 708 1932 uniscono
729 1909 736 1932 i
758 1908 872 1932 ruscelii
891 1907 995 1932 Seiano
1009 1914 1023 1930 e

135 1950 242 1976 Bonea:
262 1951 340 1975 sotto
359 1949 387 1974 la
409 1951 507 1981 grotta
526 1951 554 1974 vi
576 1948 590 1974 ὲ
608 1957 666 1974 una
685 1951 851 1981 spaccatura
879 1948 1023 1981 profonda

136 2000 152 2017 a
171 1993 262 2017 forma
279 1993 479 2024 serpeggiante
497 1992 548 2015 che
567 1992 705 2016 continua
727 1991 772 2015 nel
793 1991 949 2024 precipizio
966 1992 1021 2014 sot-

135 2036 270 2064 testante,
290 2034 364 2059 assai.
388 2034 568 2066 periculoso;
592 2041 697 2066 eppure
719 2034 816 2065 quello
836 2041 882 2057 era
903 2040 940 2057 un
960 2040 1023 2065 pas-

137 2077 237 2110 saggio
257 2076 452 2109 obbligatorio
472 2083 520 2108 per
540 2077 639 2100 venire
659 2075 705 2100 dai
727 2075 814 2100 casali
836 2075 864 2099 di
884 2074 1024 2098 Vetranto

137 2126 152 2144 e
169 2119 198 2144 di
213 2119 323 2143 Mouna
335 2119 363 2143 al
377 2120 549 2143 monastero.
585 2117 609 2142 11
628 2118 785 2151 precipizio
804 2124 819 2141 e
837 2117 932 2149 quella
947 2124 1024 2148 spac-

137 2162 234 2186 catura
254 2161 499 2193 impressionando
513 2159 541 2184 la
556 2160 680 2184 fantasia
699 2159 744 2184 del
758 2159 866 2192 popolo
879 2159 1026 2190 probabil—

138 2205 229 2228 mente
253 2210 413 2228 causavano
441 2203 589 2234 pareechie
614 2203 764 2234 disgrazie,
789 2203 833 2226 cui
859 2199 950 2225 ovvib
976 2208 1024 2224 san

139 2245 233 2270 Leone
252 2245 406 2270 facendovi
431 2245 570 2269 costruire
595 2251 632 2268 un
653 2246 749 2276 ponte.
787 2243 844 2268 Ora
870 2243 944 2267 sulla
970 2243 1024 2266 col-

138 2287 200 2311 lina
218 2287 248 2311 di
267 2286 363 2311 fronte
384 2287 412 2310 vi
433 2285 447 2310 ὲ
466 2286 487 2310 ii
508 2285 602 2310 casale
621 2286 700 2309 detto
715 2286 762 2309 nei
775 2285 938 2309 documenti
953 2284 1024 2308 clas-

138 2329 294 2354 sicamente
318 2329 518 2357 Trans-boneia,
539 2328 564 2352 al
585 2327 613 2352 di
634 2325 660 2352 lsi
680 2328 725 2352 del
746 2327 828 2352 flume
846 2327 956 2355 Boneaz
978 2333 1024 2350 ma

138 2370 188 2404 pii:
207 2378 303 2404 spesso
322 2369 336 2395 ὲ
355 2370 436 2395 detto
462 2370 616 2399 Traconcia,
636 2371 796 2402 Draganu,
822 2377 901 2394 come
920 2369 948 2393 al
969 2375 1027 2400 pre·

139 2415 216 2438 sente
229 2413 277 2443 (cf.
289 2413 331 2445 gii
347 2412 436 2437 Indici
456 2413 501 2437 del
524 2413 553 2437 C.
565 2413 602 2436 D.
615 2410 667 2443 0.).
704 2411 737 2435 In
756 2414 853 2443 questa
872 2413 970 2443 grotta
982 2410 1026 2433 nel

142 2455 208 2487 1706
228 2455 258 2480 fu
276 2455 407 2480 edificata
435 2462 491 2480 una
510 2454 682 2487 cappellina,
702 2462 716 2478 e
736 2455 781 2479 nel
801 2454 920 2478 libretto
942 2455 1027 2477 stam-

139 2499 208 2530 pato
235 2499 266 2522 in
291 2496 529 2529 quell'occasione
556 2504 573 2521 a
601 2497 747 2530 prIncipio
773 2496 895 2528 leggesi:
923 2493 1027 2519 “eravi

142 2539 310 2564 “un'antica
338 2540 435 2571 grotta
462 2539 603 2564 chismate.
631 2538 707 2570 degli
727 2538 918 2570 sportiglioni
939 2535 1027 2568 (pipi-

143 2581 156 2596 “
167 2581 280 2613 strelss),
299 2588 396 2615 presso
415 2581 474 2606 alla
491 2581 575 2613 quale
588 2587 685 2613 spesso
698 2581 723 2604 si
738 2580 884 2605 vedevano
905 2579 982 2603 larve
997 2579 1026 2602 in

142 2623 287 2653 “diver-se,
314 2623 429 2648 orribili
458 2631 472 2647 e
491 2624 662 2655 spaventose
691 2623 805 2652 forme„
833 2621 1026 2654 (CAMPANJLE

141 2667 316 2696 Domurco,
344 2665 490 2690 Relazione
518 2665 550 2689 eli
573 2664 602 2690 S.
630 2665 727 2689 Maria
752 2664 896 2688 Avvocata
924 2661 1028 2695 (1710),

144 2707 222 2733 Cava
240 2707 288 2731 dei
306 2707 430 2736 Tirreni,
455 2709 486 2739 3·
503 2707 554 2737 ed.,
577 2705 664 2738 1895).

230 2747 241 2764 ⁸
261 2748 348 2774 Come
366 2748 381 2773 ὲ
399 2749 478 2773 detto
498 2748 574 2773 nella
594 2748 660 2772 vita
679 2747 724 2772 del
744 2754 913 2777 successore,
933 2745 1027 2770 Leone

144 2798 193 2823 per
211 2790 239 2815 ls
257 2788 304 2815 eta
321 2791 462 2814 avanzata
482 2788 616 2814 rinunzio
635 2789 711 2821 dopo
726 2789 748 2812 il
769 2794 836 2819 1070
855 2787 882 2811 al
901 2793 1028 2818 governo

145 2833 190 2857 del
209 2833 382 2861 monastero,
413 2831 607 2855 riservandosi
635 2830 676 2864 gli
707 2831 759 2855 atti
789 2830 817 2853 di
837 2829 1028 2853 ammInistra-

146 2875 238 2905 zione,
258 2874 309 2898 che
328 2872 466 2898 continuo
485 2880 502 2897 a
521 2874 616 2897 tenere
635 2873 692 2897 fino
712 2873 738 2896 al
758 2871 873 2904 maggio
896 2876 970 2903 1079,
985 2878 1028 2893 co-

146 2923 189 2940 me
207 2922 311 2948 appare
329 2915 364 2940 da
384 2915 528 2940 numerosi
547 2915 721 2945 documenti,
741 2922 754 2938 e
773 2915 797 2937 si
812 2911 897 2937 ritiro
912 2912 957 2936 nel
972 2913 1029 2944 pic-

145 2957 210 2982 colo
230 2959 392 2982 monastero
411 2957 441 2982 di
459 2957 486 2982 S.
505 2957 599 2981 Leone
618 2963 691 2989 papa
711 2962 806 2988 presso
819 2954 922 2983 Vietri,
938 2954 972 2978 da
987 2954 1027 2978 lui

1731 1420 1837 1453 Cuius
1853 1422 1954 1453 etiam

1073 1567 1206 1592 edificate
1226 1568 1255 1591 in
1275 1574 1329 1591 una
1355 1569 1429 1591 terra
1455 1567 1602 1598 donatagli
1630 1567 1674 1590 nel
1699 1569 1808 1599 giugno
1832 1568 1896 1597 1063
1920 1569 1954 1591 da

1073 1609 1220 1634 Giovanni
1242 1610 1272 1633 di
1293 1611 1394 1633 Atrani
1415 1617 1429 1632 e
1448 1616 1496 1633 sua
1517 1610 1621 1640 moglie
1646 1609 1754 1636 Tandn,
1785 1611 1882 1641 nipotc
1909 1610 1953 1634 del

1077 1654 1146 1676 noto
1166 1652 1340 1676 Pantaleone
1359 1653 1386 1675 di
1412 1652 1511 1675 Mauro
1537 1652 1658 1682 comite,
1678 1651 1727 1674 che
1754 1652 1811 1675 fece
1840 1653 1955 1676 fondere

1074 1695 1099 1718 le
1121 1695 1225 1718 famose
1245 1696 1326 1727 porte
1345 1694 1374 1717 di
1399 1694 1506 1717 bronzo
1525 1693 1598 1717 della
1624 1694 1777 1717 cattedrale
1804 1694 1831 1717 di
1853 1694 1954 1718 Amaifi

1074 1744 1088 1761 e
1107 1737 1182 1760 della
1211 1737 1331 1760 basilica
1351 1736 1379 1759 di
1401 1736 1426 1759 S
1450 1735 1540 1759 Pnoio
1570 1736 1598 1759 ‹ii
1628 1735 1717 1759 Roma
1745 1736 1788 1763 (V.
1818 1736 1956 1765 Castana,

1075 1783 1116 1809 op.
1135 1780 1190 1808 cit„
1210 1786 1235 1810 p.
1259 1784 1323 1809 155:
1343 1778 1502 1805 Scuusmn,
1529 1779 1569 1801 La
1586 1778 1706 1802 Basilica
1726 1778 1756 1801 di
1775 1780 1802 1802 5.
1821 1778 1905 1802 Paula
1930 1780 1959 1802 di

1077 1823 1171 1849 Roma,
1200 1821 1321 1849 Torino,
1352 1827 1427 1852 1934,
1456 1828 1482 1852 p.
1511 1819 1563 1851 78).
1610 1820 1621 1844 Ι
1650 1821 1785 1844 donatori
1813 1821 1922 1844 dettero
1942 1828 1958 1844 a

1076 1872 1124 1888 san
1142 1864 1234 1887 Leone
1253 1863 1341 1887 anche
1361 1870 1394 1893 40
1413 1863 1506 1886 tareni
1526 1862 1605 1886 d'oro
1625 1870 1638 1885 e
1658 1862 1682 1885 le
1697 1863 1784 1894 pietre
1798 1864 1955 1886 occorrenti

1076 1913 1124 1937 per
1138 1906 1164 1929 la
1184 1906 1362 1929 costruzione
1381 1904 1455 1928 della
1485 1905 1578 1928 chiesa
1603 1912 1617 1927 c
1645 1907 1814 1932 monastero.
1836 1905 1855 1928 ii
1877 1904 1959 1936 quale

1076 1950 1152 1972 sotto
1174 1949 1193 1971 il
1215 1949 1362 1979 preposito
1389 1946 1533 1970 Giovanni
1566 1947 1594 1970 t'u
1623 1947 1777 1971 arrii-chito
1806 1947 1833 1970 di
1864 1947 1958 1970 offerte

1077 1990 1122 2021 (V.
1145 1991 1174 2014 C.
1195 1991 1231 2014 D.
1252 1991 1289 2017 C..
1313 1988 1384 2019 VIII,
1406 1996 1431 2020 p.
1455 1994 1517 2019 117:
1540 1988 1624 2015 A.C..
1644 1988 1694 2012 XII
1715 1997 1728 2011 e
1748 1988 1820 2015 xm.
1837 1990 1958 2018 passim).

1077 2030 1201 2060 Quando
1223 2032 1265 2055 nel
1286 2031 1426 2055 ‹iicembre
1449 2037 1512 2061 ¹071
1534 2030 1572 2061 (v.
1595 2038 1620 2053 n.
1636 2036 1658 2056 2.
1679 2038 1704 2061 p.
1728 2031 1770 2061 12)
1789 2030 1865 2054 dalla
1886 2032 1959 2061 prin-

1077 2077 1184 2106 cipessa
1203 2074 1319 2098 Gemma
1345 2073 1449 2097 furono
1475 2073 1573 2096 donati
1595 2073 1602 2096 i
1625 2073 1726 2096 molini
1745 2073 1787 2096 sul
1808 2073 1888 2096 siume
1907 2074 1959 2097 Bo-

1079 2125 1138 2146 nea,
1160 2126 1174 2140 e
1194 2118 1275 2140 messi
1304 2118 1332 2139 in
1358 2115 1500 2139 efficienza
1521 2116 1566 2146 poi
1594 2114 1640 2138 dai
1660 2115 1780 2145 monaci,
1802 2115 1899 2138 crebbe
1920 2118 1957 2138 at-

1078 2162 1166 2183 torno
1186 2159 1212 2182 al
1231 2160 1392 2182 monastero
1407 2165 1444 2180 un
1467 2163 1560 2181 nuovo
1580 2157 1679 2184 casale,
1693 2157 1772 2180 detto
1794 2157 1833 2180 La
1846 2157 1958 2183 Alauna.

1078 2209 1132 2225 con
1152 2207 1246 2224 nuova
1265 2200 1357 2223 chiesa
1376 2206 1391 2223 e
1406 2199 1563 2225 sabbriche;
1579 2196 1629 2230 piis
1643 2198 1718 2221 tardi
1732 2198 1777 2222 nel
1793 2197 1857 2222 xm
1873 2198 1900 2222 su
1915 2199 1958 2222 ivl
1990 2203 2001 2210 '

1080 2245 1249 2275 impiantata
1268 2242 1356 2266 anche
1375 2248 1430 2265 una
1452 2241 1576 2270 ferriera,
1596 2242 1699 2272 gestita
1717 2241 1762 2264 dai
1779 2241 1900 2265 monaci.
1938 2240 1958 2263 li

1080 2287 1242 2309 monastero
1262 2281 1329 2315 peri»
1349 2292 1362 2307 a
1377 2291 1458 2307 causa
1473 2283 1500 2306 di
1523 2283 1602 2306 {rane
1614 2284 1635 2305 si
1656 2289 1713 2306 rese
1726 2282 1895 2306 inabitablie
1915 2291 1928 2305 e
1950 2284 1956 2305 i

1081 2328 1144 2350 beni
1166 2327 1268 2350 furono
1289 2326 1333 2349 nel
1362 2324 1426 2356 1²83
1455 2325 1515 2348 dati
1536 2326 1563 2347 in
1591 2324 1716 2347 enfiteusi
1737 2331 1752 2347 a
1778 2324 1830 2347 due
1851 2324 1957 2347 fratelli

1079 2370 1153 2394 della
1175 2369 1305 2400 samiglia
1324 2368 1362 2392 Di
1382 2368 1482 2391 Mauro
1501 2367 1530 2390 di
1549 2366 1625 2391 Cava
1646 2373 1693 2398 per
1707 2368 1744 2390 sei
1767 2367 1856 2389 tareni
1873 2367 1958 2389 annui

1081 2411 1115 2435 da
1135 2411 1209 2434 darsi
1229 2411 1255 2433 ai
1271 2409 1386 2433 chierici
1401 2409 1477 2432 della
1489 2408 1617 2440 cappella
1636 2408 1664 2431 di
1679 2406 1734 2431 San
1747 2406 1889 2431 Germano
1903 2408 1959 2430 edi-

1079 2453 1162 2476 ficata
1185 2452 1260 2476 nella
1291 2452 1384 2482 cripta
1412 2450 1488 2474 della
1515 2450 1602 2473 Badia
1630 2450 1659 2473 di
1688 2447 1767 2473 Cava
1791 2448 1960 2473 dall'abbate

1081 2495 1178 2518 Leone
1196 2493 1221 2517 11
1240 2492 1286 2525 (A.
1306 2492 1348 2521 C.,
1368 2492 1466 2522 LVIII,
1487 2500 1513 2515 n.
1533 2491 1585 2523 35).
1624 2490 1670 2515 Cf.
1690 2491 1848 2519 Ammonia,
1868 2491 1961 2515 Storr'a

1081 2537 1153 2560 della
1174 2536 1259 2563 Cava,
1278 2534 1404 2561 Salerno.
1427 2533 1504 2565 1846,
1524 2541 1549 2566 p.
1571 2539 1628 2564 250.

1170 2575 1182 2592 ⁴
1195 2578 1314 2602 Annales
1335 2577 1476 2605 Cri-vermes,
1497 2581 1577 2606 1079:
1600 2574 1612 2586 ⁸
1624 2575 1680 2599 Leo
1692 2575 1777 2598 abbas
1790 2576 1886 2598 sancte
1899 2574 1963 2598 Tri-

1084 2620 1210 2644 “nitatis
1229 2619 1312 2646 obiit.
1331 2621 1357 2642 et
1377 2618 1475 2642 Petrus
1494 2618 1578 2641 abbas
1598 2617 1743 2643 statuitur,
1763 2619 1845 2648 nepte
1864 2617 1961 2640 domni

1081 2661 1236 2685 “Adeferii
1256 2660 1366 2684 abbatis
1390 2659 1513 2683 eiusdem
1543 2659 1744 2688 monasterih„
1775 2659 1883 2682 A'ecrol.
1919 2658 1963 2681 Ve-

1082 2703 1166 2727 nusin.
1184 2701 1347 2735 (ΟΑττυιΑ,
1362 2702 1465 2725 Access.
1479 2701 1516 2724 ad
1528 2701 1588 2724 hist.
1610 2700 1754 2729 Casinas..
1765 2707 1792 2731 p.
1806 2698 1884 2730 841):
1905 2701 1916 2712 ‘⁴
1932 2706 1962 2723 ιν

1084 2744 1146 2768 “id.
1167 2744 1217 2767 iul.
1235 2743 1308 2767 obiit
1327 2742 1386 2766 Leo
1405 2742 1490 2766 abbas
1521 2740 1658 2765 Csvensls
1671 2759 1682 2771 .,
1713 2741 1826 2764 Kalend.
1847 2741 1874 2763 in
1903 2747 1960 2769 ms„

1082 2793 1109 2809 n.
1133 2791 1179 2816 19:
1201 2785 1255 2808 “1v
1275 2785 1312 2808 id.
1332 2784 1383 2807 Iul.
1404 2783 1554 2815 Depositio
1574 2782 1672 2806 domni
1691 2781 1797 2806 Leonis
1816 2782 1928 2805 abbatis
1941 2799 1963 2811 Π.

1171 2825 1181 2839 ⁵
1198 2827 1226 2852 S.
1245 2825 1338 2850 GREG.
1364 2825 1402 2849 M.
1431 2825 1530 2849 Hamil.
1551 2824 1584 2848 «Y
1607 2825 1634 2847 in
1655 2824 1708 2848 liv.
1736 2825 1763 2847 in
1783 2824 1825 2847 die
1853 2824 1962 2853 Epi’pm:
2012 2830 2023 2836 ·

1085 2867 1097 2880 “
1108 2869 1232 2892 Necdum
1252 2861 1414 2899 l‘oquentem
1433 2866 1571 2890 elementa
1586 2868 1662 2890 muta
1681 2866 1875 2896 praedicarent
1888 2880 1911 2895 η.

1168 2908 1179 2924 ⁶
1198 2910 1219 2933 Il
1239 2917 1288 2933 suo
1307 2916 1392 2941 corpo
1413 2909 1442 2932 su
1462 2907 1614 2940 seppellito
1639 2909 1759 2931 accanto
1783 2907 1841 2930 alla
1869 2906 1964 2929 tomba

1083 2953 1109 2977 di
1126 2952 1322 2981 sant’Alserio,
1335 2958 1350 2975 e
1362 2950 1404 2974 sui
1416 2950 1554 2982 sepoicro,
1567 2950 1597 2973 in
1609 2949 1742 2982 semplice
1756 2950 1906 2978 nzuratura,
1920 2948 1964 2971 nel

1983 1574 2014 1599 35

1985 1785 2018 1809 40

1986 1995 2016 2020 45

1990 2413 2020 2438 55

2021 1429 2092 1449 Mvv„
2110 1434 2145 1452 ²¹7
