2280 3476
330 150 376 185 38
562 122 725 184 VITAE
752 147 1011 187 QUATUOR
1038 147 1282 184 PRIORUM
1308 148 1568 184 ABBATUM
1596 148 1907 185 CAVENSIUM

329 227 582 234 ...........-....-..........
583 225 2139 232 ......................................................................................................................................................

759 282 876 315 Abbas
899 284 1068 321 undenus,
1090 283 1254 314 virtutum
1279 282 1439 324 dogmate
1462 281 1583 323 plenus

674 335 741 367 Hic
764 335 895 367 meritis
917 336 1050 379 magnis
1073 335 1125 367 bis
1148 335 1246 366 denis
1269 340 1305 367 et
1325 334 1434 366 tribus
1457 334 1567 372 annis,

761 388 875 420 Corde
899 389 1038 431 quidem
1063 389 1178 425 docto,
1201 388 1289 419 rexit
1316 398 1394 419 cum
1419 387 1593 419 mensibus
1616 392 1707 419 octo.

675 440 741 472 Hic
762 440 847 479 Leo,
868 442 921 473 vir
944 442 1101 477 mundus,
1124 440 1215 472 bona
1237 440 1323 472 fecit
1344 439 1450 471 multa
1473 440 1658 479 secundus,

762 493 890 530 Abbas,
915 494 974 536 qui
998 494 1067 525 fixit
1089 494 1147 525 hic
1171 503 1232 525 cor
1255 503 1332 524 cum
1356 502 1512 534 corpore,
1536 492 1621 524 vixit
2189 494 2207 526 5

675 545 787 578 Annis
809 546 961 588 septenis
984 547 1082 578 simul
1098 547 1195 578 annis
1219 546 1271 578 bis
1295 555 1431 588 quoque
1455 546 1567 583 den1s,

764 599 942 631 Mensibus
965 600 1031 632 hiis
1054 599 1182 632 iunctis
1204 604 1347 641 septem,
1370 604 1489 640 pateat
1512 599 1590 631 fore
1613 599 1760 637 cunctis,

676 652 788 691 Quem
812 652 919 684 faciat
942 662 1049 695 regno
1073 653 1166 684 Deus
1189 652 1341 694 gaudere
1363 661 1521 693 superno.

763 704 908 747 Semper
930 705 1077 748 fulgebit
1100 706 1221 737 domus
1244 705 1309 736 hec
1332 709 1366 737 et
1389 704 1479 736 nube
1504 704 1645 742 carebit,

678 759 788 797 Quam
812 758 898 796 Leo,
922 759 974 790 vir
996 758 1152 796 mundus,
1177 757 1283 790 abbas
1306 768 1369 799 per
1393 757 1496 790 lustra
1519 759 1707 790 secundus'
2171 759 2209 790 10

766 811 929 854 Quinque
952 811 1084 844 duobus
1108 812 1140 842 in
1167 811 1232 843 hiis
1255 810 1380 843 iunctis
1404 811 1555 843 feliciter
1578 811 1687 850 annis,

764 865 807 896 Et
825 865 940 896 medio
965 865 1062 906 rexit,
1088 875 1273 906 curamque
1296 875 1390 895 suam
1414 863 1501 896 bene
1530 865 1646 907 gessit.

675 917 784 949 Huius
808 918 985 959 scriptoris
1009 917 1162 960 Capuani
1187 917 1256 949 vita
1280 917 1440 949 Iohannis

763 971 815 1004 Sit
837 971 951 1002 multis
973 972 1080 1008 annis,
1105 982 1205 1013 quem
1230 971 1317 1002 ditet
1341 970 1469 1003 celicus
1493 971 1612 1009 amnis,

679 1024 748 1062 Qui
773 1025 958 1056 monachus
982 1025 1068 1056 fidus
1092 1023 1185 1056 lucet
1209 1023 1304 1067 quasi
1326 1023 1442 1055 nobile
1465 1024 1579 1067 sydus,
2172 1026 2209 1058 15

762 1078 800 1109 111
824 1077 959 1109 Christo
983 1077 1110 1109 nitidus
1133 1077 1305 1114 virtutum,
1329 1077 1385 1109 cui
1406 1077 1521 1118 placet
1538 1078 1635 1120 ydus.

676 1131 780 1169 Quod
803 1130 900 1162 iussit
924 1130 995 1162 fieri
1019 1131 1205 1162 scrutatrix
1229 1129 1347 1163 sedula
1370 1129 1442 1162 veri

767 1184 873 1216 Plena
897 1184 963 1215 Dei
988 1184 1087 1216 donis
1111 1183 1246 1216 abbatis
1269 1193 1351 1215 cura
1374 1183 1512 1220 Leonis,

677 1236 831 1270 Cenobio
855 1237 941 1269 felix
964 1237 1055 1270 eluat
1078 1237 1184 1269 abbas
1207 1237 1349 1269 crimine
1372 1237 1529 1275 mundus,

765 1290 809 1322 Et
832 1296 910 1332 post
934 1290 968 1321 in
991 1291 1074 1322 celis
1096 1290 1170 1323 Leo
1194 1290 1313 1323 militet
1337 1290 1401 1322 iste
1424 1290 1594 1323 secundus
1608 1291 1628 1322 ¹.
2172 1293 2214 1325 20

420 1417 427 1433 ¹
451 1418 630 1451 Cronologia
651 1419 725 1450 degli
746 1419 864 1443 Abbati:
1354 1420 1383 1444 B.
1404 1420 1527 1450 Marino,
1545 1427 1560 1451 9
1580 1421 1672 1453 luglio
1695 1420 1808 1451 1146-15
1828 1420 1968 1444 dicembre
1990 1427 2067 1451 1170.

418 1460 443 1484 S.
464 1460 586 1490 Alserio,
608 1467 721 1485 1011-12
744 1461 834 1493 aprile
857 1467 930 1492 1050.
1352 1462 1382 1486 B.
1401 1462 1564 1491 Benincasa,
1586 1469 1614 1494 3¹
1637 1464 1761 1495 gennaio
1784 1469 1898 1495 1171-10
1915 1464 2039 1495 gennaio
2061 1469 2136 1495 1194.

417 1503 443 1526 S.
464 1503 567 1531 Leone,
592 1510 619 1526 12
641 1503 729 1534 aprile
752 1510 862 1535 1050-12
885 1504 976 1535 luglio
999 1510 1074 1536 1079.
1353 1505 1382 1528 B.
1401 1504 1501 1528 Pietro
1519 1504 1554 1535 11,
1573 1506 1696 1536 gennaio
1718 1510 1832 1537 ¹¹95·13
1852 1512 1947 1528 marzo
1970 1503 2045 1529 1208.
2180 1510 2211 1528 10

417 1544 442 1568 S.
462 1543 569 1574 pietro,
591 1550 620 1568 12
641 1545 733 1577 luglio
757 1551 852 1577 1079-4
871 1552 963 1569 marzo
987 1552 1060 1576 1¹²3·
1353 1546 1383 1570 B.
1403 1546 1541 1575 Balsamo,
1566 1554 1594 1578 ¹3
1616 1554 1710 1571 marzo
1732 1546 1845 1578 1208-24
1867 1547 2017 1571 novembre
2038 1553 2115 1579 1232.

415 1586 440 1610 S.
463 1586 640 1617 Constablle,
660 1595 675 1617 4
697 1594 790 1611 marzo
811 1594 923 1619 1123-17
946 1588 1070 1611 febbraio
1094 1595 1168 1618 11²4·
1353 1589 1382 1612 B.
1402 1588 1562 1619 Leonardo,
1584 1596 1614 1621 ¹3
1633 1589 1774 1613 dicembre
1797 1595 1909 1621 1232-19
1928 1591 2029 1620 agosto
2050 1595 2126 1620 1255.

416 1628 445 1652 B.
465 1628 604 1660 Simeone,
627 1628 657 1653 18
678 1629 804 1653 sebbi-aio
828 1630 940 1662 1124-16
963 1630 1115 1654 novembre
1136 1637 1211 1662 1141.
1354 1631 1382 1655 Β.
1405 1630 1496 1655 Leone
1515 1630 1550 1661 Π,
1570 1637 1601 1662 25
1620 1632 1745 1663 gennaio
1767 1630 1882 1655 1268—20
1901 1633 2002 1664 agosto
2024 1636 2098 1663 1295.

417 1670 446 1694 B.
466 1670 597 1701 Falcone,
620 1670 650 1695 16
671 1672 820 1696 novembre
843 1671 938 1704 1141-6
957 1673 1064 1704 giugno
1086 1673 1159 1704 1146.
