2300 3554
73 790 110 822 10

71 1055 107 1087 15

65 1323 108 1353 20

65 1585 106 1619 25

366 183 530 221 VITAE
558 183 820 224 QUATUOR
851 185 1091 221 PRIORUM
1123 185 1383 221 ABBATUM
1413 187 1723 223 CAVENSIUM
1913 190 1954 224 31

134 320 204 348 stro
228 325 367 347 manere
392 315 566 357 cupiebat,
589 315 697 357 patris
720 316 917 347 monasterii
942 323 1139 358 preceptum
1164 317 1306 349 moleste
1331 317 1418 355 tulit,
1442 324 1544 360 atque
1563 318 1626 350 iter
1641 320 1791 360 arripere
1817 331 1964 351 murmu-

134 368 242 400 rando
266 369 370 410 cepit.
418 367 495 400 Non
520 367 623 410 longe
648 378 728 400 vero
752 380 770 399 a
789 369 994 402 monasterio
1018 380 1093 401 cum
1120 370 1331 402 descendere
1355 370 1398 402 de
1424 371 1556 403 caballo
1582 371 1754 409 voluisset,
1778 373 1916 411 cecidit,
1930 381 1963 405 et

135 419 256 453 co'stas
278 421 393 465 fregit.
440 419 547 459 Quod
571 430 654 464 ergo
677 420 858 463 plurimum
885 421 1000 459 voluit,
1025 424 1068 454 ad
1093 424 1332 455 monasterium
1350 425 1476 455 relatus
1491 430 1551 461 est,
1568 426 1628 456 sed
1646 426 1722 467 quia
1742 426 1840 457 nimis
1857 426 1961 459 obsti-

134 479 212 505 nate
236 473 355 511 voluit,
378 483 446 506 non
471 479 507 506 ut
531 473 638 506 voluit
661 484 772 511 sanus,
796 475 869 512 sed,
895 481 928 506 ut
953 475 1052 507 valde
1077 476 1196 514 doluit,
1223 476 1367 508 attritus.
1416 476 1467 508 Ex
1501 488 1593 509 more
1618 485 1728 510 autem
1763 479 1958 511 monasterii

133 526 166 558 in
189 526 399 559 infirmorum
422 526 525 560 domo
548 532 721 568 receptus,
744 527 875 570 magnis
898 528 1075 560 doloribus
1098 529 1325 561 cruciabatur.
1375 530 1411 561 ln
1436 531 1589 572 sequenti
1611 541 1689 562 vero
1707 531 1813 564 noc'te
1838 533 1958 565 merita

132 579 221 611 beati
246 579 311 611 viri
335 578 544 612 Constabilis
566 579 765 611 retractanti
791 580 822 611 in
847 581 999 622 sompnis
1022 582 1193 624 apparuit,
1219 593 1362 624 eumque
1382 582 1424 614 de
1441 582 1675 615 inobedientia
1691 592 1795 627 atque
1813 597 1961 617 murmu-

133 632 264 664 ratione
290 633 514 665 vehementer
534 631 740 674 increpavit.

221 684 413 718 Videbatur
436 691 548 718 autem
569 684 612 723 ei,
635 685 718 728 quia
750 686 794 717 ad
818 696 853 717 se
878 687 1073 719 venientem
1104 688 1334 720 venerabilem
1372 689 1480 720 virum
1506 699 1525 720 a
1549 691 1717 732 superiori
1750 692 1852 723 domo
1885 692 1960 724 Ste-

133 737 276 779 phanus,
299 738 351 770 vir
374 737 463 770 bone
485 738 659 776 memorie,
683 737 755 769 eius
779 749 889 780 nuper
905 740 1136 781 cappellanus,
1154 750 1229 772 cum
1247 742 1412 783 unguenti
1437 742 1577 774 vasculo
1594 743 1808 784 sequebatur.
1856 744 1961 776 Cuius

133 791 184 823 vir
207 797 343 823 sanctus
367 789 565 832 operculum
591 790 749 822 relevans
771 799 981 834 unguentum
1006 793 1137 830 eduxit,
1162 793 1292 825 fractas
1315 794 1430 826 fratris
1455 794 1545 826 illius
1569 802 1681 827 costas
1714 796 1833 834 linivit,
1860 800 1960 840 eique

133 843 232 875 dixit:
259 843 352 876 Ecce
376 854 477 875 sanus
499 843 612 875 factus
635 854 682 882 es,
707 844 804 881 vade,
830 850 865 876 ut
889 845 1054 887 deinceps
1087 845 1257 878 humiliter
1289 847 1393 883 vivas,
1426 854 1457 878 et
1482 854 1514 879 te
1539 855 1704 890 precepto
1737 851 1900 882 maiorum
1925 851 1959 882 in

133 896 288 929 omnibus
310 895 447 928 subdas.
493 895 583 928 Mira
608 896 763 929 dicturus
786 907 870 936 sum,
895 897 1072 940 evigilavit
1095 899 1294 937 monachus,
1319 910 1385 932 non
1419 900 1525 932 solum
1557 901 1683 933 salubri
1715 904 1959 935 ammonitione

131 949 326 988 instructus,
349 949 421 987 sed,
443 948 571 992 fugatis
595 950 728 982 cunctis
751 950 936 988 doloribus,
960 962 1072 984 sanus.
1119 952 1219 983 Tunc
1246 953 1285 992 is,
1302 953 1361 995 qui
1377 954 1440 985 nisi
1466 954 1588 986 alienis
1612 955 1767 987 manibus
1792 957 1873 988 ferri
1892 969 1960 989 non

132 1002 298 1044 poterat,'
323 1002 456 1035 cunctis
477 1002 692 1044 stupentibus
716 1003 858 1042 exilivit,
881 1010 913 1035 et
937 1003 1123 1037 iniunctam
1148 1004 1211 1037 sibi
1236 1005 1466 1038 obedientiam
1492 1007 1658 1048 perficere
1683 1009 1867 1042 festinavit.
1902 1009 1962 1041 Pia

132 1055 222 1088 enim
247 1055 311 1088 Dei
333 1054 589 1097 dispensatione
613 1061 725 1087 actum
751 1056 786 1087 in
812 1067 852 1088 eo
876 1063 936 1098 est,
962 1064 997 1088 ut
1021 1058 1137 1099 parvis
1159 1058 1261 1100 culpe
1282 1059 1426 1090 maculis
1444 1066 1477 1091 et
1493 1066 1700 1102 purgaretur
1715 1068 1748 1093 et
1772 1064 1879 1094 sancti
1898 1064 1959 1095 viri

131 1108 251 1141 merita
272 1109 511 1151 proderentur.
558 1107 645 1140 Nam
670 1109 847 1150 predictus
871 1109 1038 1142 Iohannes
1061 1111 1258 1148 monachus,
1282 1111 1381 1143 aliter
1405 1113 1455 1143 vir
1480 1112 1588 1145 bonus
1610 1124 1651 1145 ac
1675 1115 1852 1158 religiosus
1876 1124 1959 1156 erat,

130 1161 372 1205 psalmistaque
395 1161 590 1203 precipuus,
613 1162 675 1193 sed
700 1161 840 1194 vincere
864 1163 949 1194 iram
973 1169 1007 1195 et
1031 1163 1178 1206 linguam
1205 1164 1360 1205 perfecte
1385 1165 1548 1198 cohibere
1566 1177 1632 1198 non
1651 1173 1794 1209 poterat.
1842 1169 1959 1212 Itaque

132 1225 315 1257 percussus
337 1225 358 1246 a
380 1214 536 1254 Domino,
559 1215 620 1246 sed
644 1220 783 1247 curatus
807 1222 858 1247 est
887 1227 905 1247 a
929 1216 1100 1259 magistro,
1122 1223 1160 1250 ut
1183 1217 1361 1260 castigatio
1386 1224 1520 1250 austera
1535 1227 1710 1263 purgaret,
1725 1228 1760 1253 et
1775 1222 1865 1254 salus
1882 1223 1958 1256 red-

132 1268 204 1300 dita
226 1268 383 1300 virtutem
407 1272 442 1300 et
464 1267 611 1310 gloriam
635 1269 785 1300 curantis
809 1270 1017 1302 ostenderet.

222 1321 311 1353 Illud
334 1331 470 1364 quoque
493 1320 661 1353 silendum
684 1331 751 1353 non
776 1321 933 1359 arbitror,
957 1324 1050 1365 quod
1074 1323 1125 1355 vir
1148 1323 1352 1355 venerabilis
1375 1325 1642 1365 Rossemannus,
1659 1334 1741 1360 tunc
1764 1330 1958 1362 monasterii

132 1374 236 1417 prior,
259 1379 380 1416 postea
402 1383 485 1406 vero
510 1374 764 1407 Pausitanensis
789 1375 928 1413 abbas¹,
953 1377 1085 1408 referre
1110 1377 1228 1409 solitus
1251 1385 1310 1410 est.
1358 1378 1517 1416 Quodam
1535 1389 1672 1422 nanque
1697 1387 1862 1424 tempore,
1879 1393 1956 1414 cum

131 1425 268 1470 peten'ti
291 1427 436 1469 pauperi
458 1427 658 1460 femoralem
683 1427 807 1460 lineam
830 1428 1012 1467 tribuisset,
1044 1431 1199 1472 sequenti
1226 1430 1292 1469 die,
1317 1437 1351 1463 ut
1382 1440 1619 1473 proposuerat,
1643 1443 1705 1475 pro
1738 1436 1957 1468 veneratione

132 1480 283 1512 eiusdem
305 1480 413 1522 patris
435 1479 556 1513 missas
579 1480 758 1513 celebrare
782 1491 850 1513 non
874 1482 994 1524 potuit.
1040 1481 1163 1515 Subito
1186 1489 1268 1515 tunc
1286 1484 1386 1516 affuit
1403 1485 1459 1527 qui
1478 1485 1507 1516 ei
1524 1492 1599 1517 suta
1623 1486 1802 1519 femoralia
1826 1489 1958 1527 detulit,

130 1539 233 1578 atque
256 1534 342 1566 tanti
365 1533 471 1576 patris
496 1533 662 1577 obsequio
686 1541 802 1576 aptum
826 1535 920 1567 fecit.

218 1586 258 1619 In
280 1586 453 1619 territorio
476 1586 668 1626 Celentino‚
692 1588 725 1619 in
751 1594 880 1628 monte,
896 1589 954 1631 qui
978 1589 1126 1622 Licose²
1149 1590 1332 1632 preminet,
1350 1591 1428 1622 dum
1446 1591 1583 1633 quidam
1603 1593 1808 1626 Salernitani
1825 1595 1959 1628 iudices

130 1639 381 1683 possessionum
404 1641 630 1682 quorumdam
656 1641 819 1673 terminos
843 1648 1036 1684 quererent,
1060 1642 1173 1674 subito
1198 1648 1291 1675 tanta
1316 1643 1427 1687 caligo
1451 1644 1573 1676 nebule
1598 1645 1725 1677 diffusa
1749 1653 1810 1685 est,
1837 1654 1872 1679 ut
1896 1659 1958 1690 per

131 1704 250 1726 nemus
273 1693 424 1726 eiusdem
447 1694 572 1726 montis
596 1700 761 1732 errarent,
786 1700 820 1726 et
844 1696 944 1732 viam,
967 1706 1035 1738 qua
1057 1695 1222 1734 redirent,
1247 1707 1413 1739 nusquam
1430 1697 1584 1730 invenire
1608 1700 1807 1740 potuissent.
1852 1701 1954 1734 Cum-

131 1756 198 1790 que
221 1745 278 1778 diu
301 1751 449 1779 erratum
478 1752 579 1786 esset,
609 1758 695 1779 unus
722 1758 839 1780 eorum
872 1747 980 1780 Ursus
1011 1749 1114 1781 iudex
1126 1747 1147 1786 ³,
1181 1749 1242 1781 viri
1273 1749 1476 1783 venerabilis
1506 1750 1713 1784 Constabilis
1743 1755 1864 1786 merita
1891 1755 1954 1787 sibi

129 1800 251 1833 adesse
274 1799 448 1843 flagitavit,
472 1810 549 1832 cum
573 1800 617 1832 ad
641 1801 747 1834 verba
769 1802 883 1843 precis
909 1802 981 1834 eius
1003 1802 1061 1834 lux
1085 1802 1183 1834 solita
1205 1803 1301 1834 loco'
1325 1804 1481 1836 restituta
1506 1811 1566 1842 est,
1589 1811 1626 1836 ut
1649 1806 1739 1837 viam
1763 1815 1954 1847 cernerent,

63 1853 107 1886 30
130 1859 164 1886 et
185 1853 232 1886 ad
253 1853 446 1896 hospicium
470 1864 538 1886 non
562 1859 631 1886 tam
655 1854 698 1886 de
722 1855 922 1887 inventione
946 1855 1087 1893 itineris,
1111 1866 1210 1898 quam
1236 1855 1280 1888 de
1304 1856 1393 1889 lucis
1415 1857 1580 1890 miraculo
1606 1858 1665 1890 leti
1688 1868 1890 1893 remearent.

67 2423 100 2441 10

67 2841 102 2859 20

215 1905 284 1938 Pro
307 1906 567 1939 necessitatibus
590 1907 733 1939 fratrum
757 1908 852 1940 navis
875 1908 1096 1940 monasterii⁴
1119 1909 1302 1952 navigabat
1326 1909 1369 1942 ad
1393 1910 1561 1950 Africam,
1589 1911 1645 1944 cui
1667 1912 1846 1951 Iohannes,
1875 1921 1954 1947 tunc

215 2035 224 2052 ¹
243 2037 437 2062 Rossemnnno
457 2037 507 2061 dal
534 2043 598 2068 1115
619 2038 642 2061 si
663 2036 797 2062 incontra
819 2039 845 2061 in
868 2038 949 2061 molti
966 2037 1014 2062 do·

125 2078 260 2107 cumentl,
278 2079 438 2103 incaricato
459 2078 629 2103 dall'abbate
649 2086 698 2111 per
717 2079 856 2104 contratti
876 2086 890 2103 e
909 2087 958 2113 per
978 2081 1013 2103 ri-

127 2127 224 2146 cevere
244 2121 407 2151 donazioni,
425 2129 442 2145 a
461 2122 578 2150 Nocera,
592 2128 672 2145 come
685 2122 802 2146 custode
816 2122 843 2145 di
859 2121 886 2146 S.
903 2123 1014 2155 Angelo

127 2162 154 2186 in
175 2163 280 2193 Cripta,
301 2170 315 2187 a
335 2162 516 2192 Trentinara,
532 2171 546 2187 a
560 2163 644 2193 Melfi,
658 2171 672 2187 e
685 2164 728 2187 dal
745 2169 811 2194 1124
826 2171 905 2188 come
919 2165 1014 2196 priore

127 2205 186 2237 (an.
208 2211 284 2236 ηις,
297 2206 330 2230 Α.
346 2204 386 2234 C..
405 2205 466 2236 XX,
483 2212 521 2238 17,
542 2206 599 2232 XX,
613 2205 732 2237 34.116;
754 2213 829 2230 anno
852 2213 925 2238 ¹¹¹9,
940 2206 1013 2234 XXI,

131 2253 170 2278 17,
190 2246 238 2279 26;
258 2255 333 2272 anno
357 2255 430 2279 1120,
450 2247 525 2277 XXI,
545 2254 587 2279 42,
610 2254 657 2279 5²3
678 2255 756 2272 anno
779 2255 854 2279 ¹1²3·
875 2248 947 2278 xxi,
961 2247 1012 2279 83;

127 2297 204 2314 anno
226 2296 300 2321 1124,
321 2289 394 2319 XXI,
417 2297 473 2318 ιιι,
493 2297 551 2323 113,
572 2291 601 2314 F.
621 2297 670 2322 34·,
692 2298 767 2314 anno
784 2296 858 2321 1125,
879 2291 1012 2322 xxl1.4;

124 2338 204 2356 anno
227 2338 300 2363 1134,
321 2331 420 2360 XXIII,
441 2332 496 2364 74).
531 2332 617 2364 Dopo
638 2332 658 2356 il
681 2339 747 2365 1134
769 2333 798 2356 fu
811 2332 900 2356 eletto
914 2333 1014 2356 abbate

125 2371 198 2397 dis.
218 2373 308 2397 Maria
327 2373 357 2397 di
376 2372 523 2401 Positano.
544 2380 640 2405 presso
653 2373 764 2400 Amalfi,
780 2376 941 2397 monastero
957 2381 1012 2397 non

126 2414 300 2446 dipendente
318 2414 353 2439 da
372 2413 457 2443 Cava,
477 2423 491 2439 e
512 2415 540 2439 lo
560 2415 630 2438 deve
650 2422 715 2439 aver
733 2418 891 2446 governato
911 2415 966 2438 tino
985 2416 1012 2439 al

129 2463 204 2488 1140,
223 2455 323 2488 perche
344 2457 388 2481 nel
411 2463 476 2488 1141
498 2465 543 2481 era
564 2457 664 2481 abbate
677 2457 705 2481 di
727 2460 824 2488 questa
838 2457 925 2481 Badia
938 2456 1013 2489 Rug-

126 2499 216 2530 giero,
235 2498 282 2523 cui
301 2497 458 2528 Giovnnni,
479 2506 601 2523 vescovo
627 2499 655 2523 di
677 2498 774 2530 Cuma,
801 2499 960 2523 concedeva
986 2499 1013 2523 la

126 2539 221 2564 chiesa
239 2539 269 2563 di
288 2539 315 2564 S.
335 2540 461 2566 Martino
481 2541 558 2565 nella
577 2549 626 2565 sua
646 2541 762 2566 diocesi.
800 2542 831 2565 V.
847 2548 895 2574 per
909 2542 935 2565 la
949 2541 1012 2565 sud-

126 2582 204 2606 detta
224 2582 308 2606 badia
328 2582 463 2613 Caussa,
481 2587 524 2615 ap.
543 2585 597 2612 cit..
611 2584 644 2611 Π,
659 2591 685 2615 p.
700 2584 759 2614 582,
773 2583 878 2608 XXVI:
900 2584 1013 2609 Capse-

125 2630 176 2649 cto
196 2624 237 2652 C..
261 2625 385 2649 Historia
404 2625 563 2656 Puteolana,
582 2626 714 2658 Neapoli,
737 2626 810 2657 1604,
830 2633 857 2658 p.
880 2626 937 2650 180.

215 2664 226 2682 ²
244 2667 352 2697 Licasa,
371 2669 490 2691 esti-ema
508 2670 598 2699 punta
619 2668 664 2692 del
683 2668 769 2700 gullo
788 2669 817 2692 di
837 2668 965 2692 Salerno.

213 2706 224 2721 ³
244 2708 287 2732 Un
307 2707 380 2733 Orso
399 2709 514 2740 giudice
533 2710 639 2734 ricorre
658 2717 753 2742 spesso
774 2711 818 2734 nei
846 2710 1012 2735 documenti

126 2750 157 2775 di.
175 2751 300 2780 vendite,
319 2758 432 2783 compre
450 2758 465 2776 e
483 2751 571 2776 arfitti
593 2752 638 2776 del
657 2755 820 2777 monastero
842 2752 915 2783 negli
944 2754 1010 2780 anni

129 2798 289 2824 1127-1130,
307 2793 341 2816 ed
360 2792 375 2817 ὲ
396 2793 470 2817 forse
488 2794 584 2825 quello
603 2795 654 2819 che
679 2794 756 2819 firma
777 2795 819 2818 fra
839 2795 878 2825 gli
899 2795 968 2820 altri
990 2795 1010 2818 il

125 2836 298 2859 testamento
317 2835 362 2858 del
382 2835 453 2859 duca
473 2834 638 2867 Guglielmo
658 2836 697 2867 (v.
724 2836 909 2862 Gmmsums.
931 2838 1014 2861 Essai

128 2878 186 2906 cit.‚
205 2877 290 2909 App„
309 2885 334 2908 p.
355 2876 447 2909 xtxx).

217 2917 227 2933 ⁴
248 2918 330 2943 Delta
357 2926 428 2943 nave
457 2919 501 2943 del
530 2922 692 2944 monastero
717 2923 740 2945 si
762 2921 841 2953 parla
863 2922 893 2945 in
913 2923 1010 2953 questa

130 2958 196 2982 Vita
215 2956 265 2990 piis
281 2958 366 2988 volte,
386 2966 400 2983 e
419 2957 466 2983 cio
484 2959 520 2984 ha
539 2960 607 2984 dato
627 2961 685 2993 agli
699 2962 827 2985 scrittori
842 2964 1009 2993 argomento

1068 2045 1115 2070 per
1135 2038 1305 2072 amplificare
1332 2040 1355 2063 la
1376 2042 1498 2072 potenza
1523 2042 1678 2066 marittima
1705 2043 1750 2066 dei
1772 2042 1894 2067 Cavensi
1915 2044 1951 2075 (v.

1067 2081 1254 2110 GU11.LAL'M8,
1275 2082 1313 2105 Le
1332 2083 1398 2106 navi
1419 2083 1538 2106 Cavensi
1556 2085 1600 2106 nel
1618 2085 1812 2109 mediterraneo
1838 2087 1952 2110 durante
1982 2091 1994 2108 2

1067 2121 1090 2145 il
1107 2124 1190 2146 medio
1210 2132 1266 2149 evo.
1287 2123 1365 2147 Cava
1385 2125 1427 2147 dci
1450 2124 1572 2152 'l'irran
1596 2124 1675 2156 1876:
1697 2126 1882 2151 Amnszxra.
1908 2129 1955 2151 Gli

1066 2166 1162 2188 statuti
1180 2166 1276 2189 inediti
1294 2167 1324 2189 di
1343 2167 1419 2190 Cava
1449 2167 1493 2190 dei
1518 2167 1634 2195 Tirrenr‘.
1667 2167 1746 2199 ¹88&
1777 2169 1952 2197 Mazzto’r‘rr,

1069 2207 1108 2230 La
1130 2208 1251 2231 Barom'a
1270 2207 1317 2231 del
1335 2209 1446 2238 Cilento,
1472 2215 1554 2240 1904:
1570 2209 1626 2240 JAK
1647 2216 1681 2234 LA
1702 2211 1825 2237 Bor-nu.
1839 2212 1951 2235 Mariua

1067 2248 1132 2272 dell'
1140 2249 1241 2273 Ordine
1269 2250 1410 2273 monastica
1435 2250 1465 2273 di
1483 2251 1512 2275 S.
1532 2252 1688 2279 Bene-detto.
1707 2252 1737 2275 in
1758 2252 1951 2285 Rassegna

1068 2298 1084 2314 n
1097 2292 1151 2314 azi
1165 2292 1283 2321 onale,
1306 2299 1371 2316 nov.
1394 2293 1480 2324 19¹5)·
1518 2293 1561 2317 Da
1582 2292 1615 2317 G.
1631 2295 1664 2318 Α.
1681 2293 1801 2319 Cauno
1822 2296 1950 2319 uDell'at-

1067 2333 1149 2357 tivit&
1168 2335 1351 2358 comum-ciale
1371 2343 1384 2358 e
1404 2335 1552 2359 marittima
1573 2337 1617 2359 dei
1637 2337 1809 2361 Benedettim'
1826 2338 1856 2361 di
1875 2339 1951 2361 Cava

1067 2377 1271 2413 nel-medioevo.
1292 2377 1321 2400 in
1342 2376 1494 2401 Rivista
1519 2378 1670 2402 storica
1694 2379 1950 2407 benedettina.

1067 2417 1123 2441 vol.
1143 2417 1195 2442 XII
1219 2425 1233 2441 e
1258 2417 1333 2447 xm,
1355 2424 1516 2449 19²¹·1922)
1545 2421 1620 2451 dopo
1651 2422 1761 2445 minuto
1789 2428 1879 2445 esame
1905 2422 1948 2446 dei

1066 2459 1228 2483 documenti
1256 2461 1278 2483 si
1309 2460 1388 2484 cerco
1417 2460 1593 2485 diminuirne
1617 2462 1816 2493 l'importanza
1836 2471 1849 2486 e
1869 2465 1948 2495 quasi

1066 2501 1174 2525 ridurre
1194 2501 1220 2525 al
1241 2502 1345 2526 niente.
1381 2502 1482 2527 Invece
1501 2503 1527 2526 la
1547 2501 1638 2527 verita
1656 2502 1670 2528 e
1694 2505 1738 2528 nel
1760 2512 1866 2529 mezzo:
1889 2506 1949 2537 L'go

1065 2542 1126 2566 (lice
1145 2543 1195 2566 elie
1214 2543 1240 2566 la
1261 2550 1331 2567 nave
1352 2545 1505 2576 viaggiava
1522 2548 1573 2574 pro
1592 2546 1790 2570 necessitatibus
1804 2546 1949 2578 fratrumg

1064 2590 1111 2608 era
1129 2585 1187 2608 tale
1207 2584 1236 2608 lo
1258 2592 1346 2617 scopo
1366 2586 1524 2618 principale
1543 2586 1804 2612 dell'allestimento
1831 2589 1857 2612 di
1881 2590 1947 2612 navi

1065 2626 1099 2650 da
1120 2629 1198 2658 parte
1218 2627 1261 2651 dei
1282 2630 1404 2652 monaci.
1443 2628 1480 2652 La
1502 2629 1588 2652 Radia
1608 2630 1675 2653 ebbe
1690 2630 1719 2654 in
1730 2630 1808 2654 dono
1827 2630 1847 2654 il
1862 2634 1948 2663 porto

1065 2668 1094 2692 di
1121 2669 1213 2692 Vietri
1239 2669 1282 2693 sul
1309 2677 1382 2694 mare
1403 2671 1448 2694 dal
1478 2672 1547 2694 duca
1576 2671 1720 2703 Ruggiero
1749 2673 1792 2696 nel
1825 2671 1891 2697 1086
1911 2674 1947 2700 (v.

1066 2710 1253 2740 (iun-Lamum,
1268 2712 1357 2741 Essai,
1372 2713 1454 2744 App.⁷
1468 2720 1494 2745 p.
1508 2713 1573 2740 xii),
1583 2713 1712 2744 acquisto
1727 2722 1775 2745 per
1793 2721 1858 2744 ¹500
1872 2715 1946 2738 soldl

1064 2752 1146 2776 d’oro
1170 2753 1266 2784 quello
1286 2754 1314 2777 di
1335 2753 1418 2778 Fonti
1439 2762 1535 2786 presso
1565 2755 1657 2779 Vietri
1687 2756 1729 2779 nel
1760 2763 1825 2787 1117
1845 2756 1947 2787 (Gon.-

1066 2800 1173 2824 LAtJMss,
1194 2795 1233 2818 Le
1253 2797 1321 2819 navi
1342 2797 1459 2820 Caveusr'
1486 2804 1550 2825 ecc..
1580 2805 1606 2828 p.
1634 2797 1688 2829 40),
1715 2799 1781 2822 ebbe
1813 2800 1839 2821 in
1869 2799 1946 2822 dono

1065 2835 1160 2866 quello
1175 2835 1202 2859 di
1219 2836 1322 2861 Cetara
1338 2837 1381 2860 nel
1405 2844 1471 2861 1120
1485 2839 1529 2867 (A.
1545 2837 1586 2868 C.‚
1600 2837 1630 2862 F.
1645 2847 1670 2862 n.
1688 2840 1902 2870 15)c01diritt0
1917 2840 1945 2863 di

1064 2885 1145 2911 pesca
1165 2878 1201 2902 da
1220 2878 1313 2903 Vietri
1333 2887 1348 2903 a
1369 2879 1448 2911 capo
1463 2879 1564 2904 d’Orso
1584 2888 1680 2913 presso
1701 2882 1813 2908 Maiori.
1833 2889 1846 2904 e
1870 2882 1942 2913 negli

1063 2920 1133 2944 anni
1153 2922 1280 2951 seguenti
1295 2921 1423 2952 acquisto
1438 2922 1504 2945 altri
1519 2923 1619 2953 cinque
1638 2923 1821 2954 porticciuoll
1836 2923 1945 2947 ncll‘sl—

1064 2964 1108 2987 tra
1127 2964 1208 2996 parte
1226 2963 1269 2986 del
1290 2963 1371 2995 gozso
1391 2964 1420 2987 di
1439 2963 1566 2989 Salerno.
1603 2963 1704 2993 Questi
1719 2966 1797 2998 porti
1811 2973 1825 2989 e
1838 2965 1863 2989 le
1876 2967 1941 2991 navi

1979 2303 2013 2328 30

1976 2514 2009 2540 35

1974 2722 2008 2746 40

1973 2932 2004 2958 45

2028 438 2080 456 Mru
2097 456 2099 458 ,
2117 444 2125 456 1
2145 445 2153 456 ι

2051 1027 2068 1043 ι’,
2087 1029 2124 1045 μ’

2045 1454 2063 1469 c.
2081 1454 2128 1472 jar

2042 1825 2124 1844 &12¹1
