2280 3476
136 653 155 668 C.
170 653 218 666 nv

138 1028 158 1042 C.
173 1027 217 1040 721¹

147 1763 166 1776 ι.
182 1763 229 1781 ²3⁷

115 2078 188 2102 Mus„
204 2083 241 2102 225

146 2136 219 2154 maj»

306 195 351 227 24
538 190 700 227 VITAE
729 189 991 228 QUATUOR
1019 188 1260 224 PRIORUM
1288 187 1546 223 ABBATUM
1576 187 1883 223 CAVENSIUM

303 324 399 360 vixit,
424 330 525 365 atque
550 321 726 364 religionis
750 321 981 362 splendorem,
1004 331 1103 362 quem
1120 326 1325 361 susceperat,
1349 319 1548 351 infelicibus
1565 318 1698 351 actibus
1713 319 1917 361 deturpavit.
1962 319 2045 352 Post
2061 320 2122 352 ali-

305 382 430 419 quanta
453 386 534 407 vero
558 380 750 415 temporum
771 374 887 416 spacia
902 374 958 405 hic
974 374 1009 404 in
1033 373 1237 405 monasterio
1262 373 1426 415 languore
1443 373 1539 415 gravi
1558 378 1737 413 correptus
1753 378 1814 408 est,
1831 379 1932 414 atque
1950 373 1993 404 ad
2010 379 2123 404 extre-

304 441 359 461 ma
382 429 578 471 perductus.
615 426 768 469 Cumque
792 433 825 458 et
849 427 933 458 mori
955 436 991 458 se
1015 426 1159 464 videret,
1177 432 1210 457 et
1227 427 1346 467 culpas
1361 436 1439 457 suas
1455 425 1611 458 confiteri
1636 425 1865 463 erubesceret,
1888 424 2033 457 mirabili
2050 426 2123 467 pie-

305 488 375 515 tate
400 488 511 514 actum
537 490 612 512 cum
638 491 679 511 eo
703 486 765 518 est,
787 486 823 511 ut
846 480 978 522 magnis
1009 479 1217 511 cruciatibus
1246 479 1338 509 hunc
1366 479 1512 521 languor
1533 479 1567 509 in
1592 483 1735 509 mortem
1765 478 1926 515 traheret,
1950 484 1984 509 et
2007 484 2121 510 tamen

304 536 390 567 mori
413 545 481 565 non
505 539 630 575 posset,
654 534 812 576 quatinus
836 539 870 564 et
893 543 981 574 pene
1005 532 1292 574 constringerent,
1317 537 1350 563 et
1372 542 1462 563 mors
1485 537 1641 568 terreret,
1661 537 1699 562 ut
1714 537 1856 573 peccata
1871 542 1931 562 sua
1948 541 2120 573 exponere

305 588 453 619 vivendo
477 587 652 628 potuisset.
699 586 831 628 Corpus
854 587 954 617 etiam
978 585 1198 623 dominicum,
1223 595 1289 627 quo
1313 595 1347 616 se
1372 584 1550 628 indignum
1575 584 1800 627 neglegenter
1831 585 1992 622 vivendo,
2020 590 2122 626 atque

304 640 530 682 indigniorem
555 639 655 671 valde
680 640 816 680 culpas'
841 638 1048 670 occultando
1071 638 1216 675 fecerat,
1240 648 1322 679 sepe
1339 637 1404 669 sibi
1421 637 1568 670 oblatum
1587 648 1719 668 sumere
1736 647 1801 668 non
1827 637 1975 669 valebat.
2021 637 2122 669 Cum-

307 704 371 735 que
395 704 472 724 eum
496 693 621 724 iratres
645 692 757 733 sepius
780 698 1029 728 ammonerent,
1053 697 1087 723 et
1110 691 1169 722 ille
1193 702 1229 722 se
1255 691 1450 722 excusando
1480 689 1626 733 tegeret,
1659 690 1795 722 tandem
1827 691 1983 732 prefatus
2006 702 2124 722 mona-

307 747 391 778 chus
415 745 564 777 consiliis
588 745 767 788 acquievit,
793 745 911 786 culpas
934 743 1129 776 confitendo
1152 744 1298 785 aperuit,
1327 750 1427 786 atque
1451 753 1492 775 ex
1516 754 1610 775 more
1635 743 1834 775 monasterii
1859 744 1983 775 domno
2008 743 2123 776 abbati

306 799 439 842 qualem
463 809 499 830 se
522 798 617 836 vidit,
642 797 800 829 ostendit.
847 796 911 829 Cui
934 797 985 828 vir
1008 797 1072 828 Dei
1092 797 1220 828 nullum
1245 796 1288 828 ad
1311 797 1538 838 penitentiam
1561 797 1630 828 vite
1655 796 1806 837 spacium
1837 807 2016 838 superesse
2041 807 2122 828 con-

305 852 467 889 siderans,
491 862 534 882 ne
558 852 770 893 impurgatus
794 851 916 891 obiret,
938 850 1062 882 faciem
1086 850 1224 881 Domini
1240 850 1422 891 prevenire
1446 849 1623 891 disposuit.
1669 850 1757 881 Nam
1773 849 1967 891 predictum
1984 851 2123 882 fratrem

306 906 505 936 morientem
530 903 702 945 corporali
726 904 877 935 vindicte
900 903 1001 935 subdi
1026 903 1211 940 constituit,
1235 908 1271 934 ut
1286 903 1398 934 carnis
1420 903 1688 944 compunctione
1703 909 1876 945 purgaret,
1893 913 1992 945 quem
2010 903 2124 935 delec-

306 958 435 989 tatione
459 957 635 988 sordidum
660 957 889 998 cognovisset.
937 956 1007 988 Sed
1031 961 1063 988 et
1087 963 1229 997 paterne
1260 955 1352 986 illius
1383 955 1579 987 dilectionis
1609 956 1764 994 verbera,
1795 956 1882 987 mira
1913 956 2026 987 divine
2057 955 2127 988 cle-

308 1010 432 1041 mentie
455 1010 552 1051 signa
576 1009 775 1040 subsecuta'
800 1015 885 1040 sunt.
933 1008 1053 1040 Statim
1078 1009 1216 1050 quippe,
1240 1014 1276 1039 ut
1294 1008 1488 1039 meritorum
1507 1018 1641 1040 suorum
1659 1008 1823 1040 iudicium
1839 1008 2009 1050 patienter
2024 1019 2127 1040 exce-

307 1063 367 1105 pit,
391 1063 540 1094 oblatum
565 1062 625 1093 sibi
651 1072 776 1103 corpus
800 1061 1009 1093 dominicum
1032 1063 1184 1103 sumpsit,
1208 1066 1243 1092 et
1265 1067 1357 1092 tanta
1380 1072 1466 1102 pace
1490 1061 1601 1093 statim
1626 1061 1721 1100 obiit,
1743 1068 1779 1094 ut
1801 1061 1835 1093 in
1859 1072 1901 1093 eo
1925 1072 1993 1093 non
2016 1062 2125 1093 solum

309 1116 414 1157 patris
437 1116 489 1146 sui
513 1115 670 1152 affectus,
695 1116 756 1146 sed
780 1115 883 1146 etiam
907 1114 1043 1145 Domini
1066 1114 1245 1155 promissio
1270 1115 1469 1152 firmaretur,
1493 1114 1572 1156 quia
1595 1114 1691 1151 hora,
1708 1126 1773 1157 qua
1796 1120 1961 1156 peccator
1985 1124 2128 1147 conver-

309 1169 398 1205 titur,
423 1169 492 1199 vita
515 1169 606 1200 vivet
630 1174 663 1200 et
685 1178 753 1200 non
776 1169 940 1200 morietur
954 1169 975 1198 ¹.

395 1222 516 1253 Frater
539 1232 673 1264 quoque
699 1221 784 1252 alius
808 1227 882 1253 erat
904 1220 938 1251 in
963 1221 1180 1260 monasterio,
1197 1221 1256 1263 qui
1271 1221 1395 1252 Petrus
1411 1227 1641 1263 cognomento
1665 1221 1842 1253 Pitancius
1865 1221 2057 1260 dicebatur,
2074 1222 2126 1253 vir

309 1285 389 1307 sane
413 1275 497 1306 alias
523 1275 643 1312 bonus,
667 1275 729 1306 sed
753 1275 901 1316 quodam
926 1274 1049 1306 nevulo
1074 1274 1216 1306 avaritie
1241 1274 1400 1306 intectus.
1449 1273 1529 1312 Qui,
1554 1283 1631 1306 cum
1654 1274 1720 1305 iam
1744 1275 1788 1306 ad
1813 1275 1937 1307 exitum
1962 1274 2126 1317 languore

309 1334 420 1360 tentus
451 1328 755 1370 appropinquaret,
785 1328 937 1359 eiusdem
975 1327 1054 1359 vicii
1085 1327 1265 1359 demonem
1297 1327 1363 1359 sibi
1394 1327 1479 1359 vidit
1501 1328 1669 1359 assistere.
1717 1327 1828 1365 Quem
1853 1339 1929 1360 cum
1951 1328 2034 1370 quid
2057 1328 2126 1360 illic

309 1387 496 1422 expeteret,
520 1380 746 1422 exprobando
768 1380 966 1422 inquireret,
990 1380 1160 1423 malignus
1182 1380 1318 1422 spiritus
1341 1381 1530 1422 respondit,
1553 1386 1587 1412 et
1610 1381 1676 1413 ait:
1702 1380 1788 1413 Pro'
1806 1387 1923 1413 tareno
1939 1381 2010 1420 illo,
2027 1392 2127 1424 quem

308 1434 424 1471 habes,
449 1433 532 1465 mihi
555 1433 658 1465 hodie
682 1433 867 1465 tradendus
890 1444 936 1464 es.
983 1433 1081 1465 Tunc
1106 1433 1290 1465 monachus
1314 1433 1458 1464 aliorum
1482 1433 1649 1465 bonorum
1673 1444 1814 1475 operum
1844 1444 1979 1465 suorum
2010 1434 2128 1466 labore

311 1488 466 1524 confisus,
492 1497 567 1518 cum
593 1486 729 1517 demoni
754 1485 988 1528 exprobraret,
1015 1496 1056 1518 ac
1082 1497 1143 1528 pro
1168 1486 1387 1528 simplicitate
1405 1497 1480 1518 eum
1498 1493 1681 1528 percutere
1708 1486 1829 1519 baculo
1852 1487 2050 1525 minaretur,
2067 1488 2127 1519 de-

310 1550 388 1572 mon
410 1539 584 1578 abscessit,
607 1545 641 1571 et
664 1550 732 1571 non
756 1539 892 1571 modico
914 1544 1042 1571 terrore
1067 1539 1272 1571 monachum
1297 1539 1467 1571 turbatum
1491 1539 1659 1581 reliquid3
1685 1540 1776 1572 forte
1807 1546 1888 1572 tunc
1911 1540 2026 1572 senior
2055 1539 2131 1583 qui-

311 1593 388 1624 dam
413 1604 454 1624 ex
476 1603 569 1624 more
594 1592 791 1624 monasterii
815 1602 892 1624 cum
917 1591 1068 1624 circam²
1092 1592 1232 1630 faceret,
1255 1593 1461 1625 monachum
1485 1592 1579 1624 illum
1604 1604 1623 1624 a
1640 1593 1742 1636 longe
1767 1594 1863 1636 quasi
1887 1603 1962 1625 cum
1986 1593 2054 1625 alio
2076 1593 2130 1624 lo·

309 1652 467 1688 quentem
491 1646 631 1682 audivit,
657 1651 690 1677 et
712 1646 820 1677 solum
844 1645 1031 1684 inveniens,
1055 1655 1131 1677 cum
1156 1656 1222 1688 quo
1246 1646 1368 1677 suisset
1391 1645 1525 1678 locutus
1549 1646 1591 1677 ab
1616 1656 1657 1677 eo
1682 1646 1858 1688 inquirere
1882 1646 2020 1678 studuit.
2064 1645 2129 1678 Cui

312 1699 411 1741 signo
435 1709 516 1742 eger
540 1698 727 1730 monachus
750 1698 851 1730 dixit:
877 1697 981 1729 Mane
1004 1698 1117 1730 dicam
1141 1698 1212 1730 tibi.
1259 1698 1417 1730 Diluculo
1442 1699 1545 1741 igitur
1569 1699 1662 1731 circa
1693 1699 1840 1737 rediens,
1871 1699 1927 1731 ille
1951 1699 1983 1730 ei
2015 1699 2130 1731 omnia

311 1762 373 1794 per
394 1753 550 1783 ordinem
573 1751 754 1789 enarravit,
778 1751 980 1794 veniamque
1005 1752 1055 1783 sui
1079 1752 1199 1783 delicti
1222 1752 1397 1784 humiliter
1420 1753 1607 1793 postulans,
1631 1759 1666 1784 ut
1691 1753 1834 1785 domno'
1858 1752 1973 1785 abbati
2005 1763 2130 1796 sugge-

312 1811 411 1842 reret,
436 1805 582 1847 rogavit.
628 1803 731 1841 Quod
755 1810 791 1836 ut
814 1811 913 1847 pater
936 1804 1142 1836 venerabilis
1165 1805 1316 1847 agnovit,
1339 1815 1416 1836 eum
1433 1805 1520 1837 sicut
1536 1806 1638 1837 alium
1656 1805 1827 1848 corporali
1843 1806 1997 1838 vindicta
2014 1807 2132 1848 expia-

312 1865 382 1891 tum
407 1859 517 1900 solvit,
540 1865 643 1901 atque
668 1868 707 1890 eo
731 1859 787 1890 die
812 1859 898 1890 mori
921 1860 987 1890 iam
1013 1858 1119 1890 libere
1151 1859 1287 1890 dimisit.
1320 1859 1371 1890 De
1395 1869 1463 1901 quo
1487 1859 1646 1891 nimirum
1678 1865 1821 1898 constat,
1845 1860 1925 1902 quia
1948 1860 2000 1892 vir
2022 1861 2131 1892 bonus

313 1913 433 1944 merito
456 1913 591 1944 virtutis
615 1912 769 1948 obtinuit.
793 1918 829 1944 ut
853 1912 960 1953 parvi,
985 1913 1077 1954 quod
1093 1912 1246 1953 putabat,
1262 1913 1398 1954 peccati
1414 1914 1570 1944 meritum
1593 1913 1742 1945 vivendo
1758 1920 1991 1954 prenosceret‚
2008 1920 2044 1945 ut
2061 1913 2133 1944 eius

314 1976 436 2007 penam
459 1972 535 2006 post
558 1972 700 1997 mortem
723 1966 847 1997 sentire
872 1966 1008 1997 minime
1033 1966 1217 1997 debuisset.
1264 1964 1334 1997 Sed
1351 1972 1384 1997 et
1408 1976 1484 1997 cum
1502 1966 1577 1998 luce
1602 1967 1725 1998 clarius
1740 1967 1795 2006 sit,
1811 1967 1892 2009 quia
1907 1967 2048 2010 maligni
2063 1967 2133 2008 spi-

313 2019 396 2051 ritus
420 2019 541 2050 merita
563 2024 783 2060 peccatorum
807 2018 905 2050 nobis
928 2019 960 2049 in
986 2018 1052 2050 hoc
1076 2018 1192 2050 seculo
1216 2029 1350 2060 semper
1375 2029 1447 2050 esse
1471 2020 1607 2050 occulta
1630 2020 1746 2058 velint,
1770 2029 1813 2050 ne
1838 2029 1879 2050 ea
1903 2020 2050 2051 evadere
2074 2029 2132 2061 pe-

316 2072 457 2103 nitendo
482 2081 649 2109 curemus,
674 2072 808 2108 demon,
832 2072 891 2114 qui
914 2071 1051 2113 peccati
1075 2072 1231 2103 meritum
1255 2071 1414 2104 morienti
1439 2072 1607 2114 exposuit,
1634 2078 1729 2114 patet
1753 2071 1938 2110 nimirum,'
1962 2073 2042 2115 quia
2065 2074 2133 2104 hoc

317 2135 385 2156 non
407 2131 538 2166 sponte,
560 2125 622 2156 sed
645 2130 785 2156 coactus
809 2124 904 2156 dixit.
951 2124 1056 2162 Quod
1072 2125 1171 2156 etiam
1195 2125 1302 2167 patris
1324 2124 1526 2156 mo'nasterii
1552 2125 1672 2157 studiis
1695 2125 1819 2156 ascribi
1843 2125 1955 2162 debet,
1979 2125 2059 2168 quia
2082 2125 2133 2157 illi

313 2183 363 2209 est
388 2179 432 2209 ad
454 2178 667 2220 purgandum
692 2177 875 2219 expositus,
908 2178 1003 2209 cuius
1034 2187 1116 2219 erga
1148 2178 1235 2209 filios
1257 2178 1313 2218 pia
1336 2178 1504 2209 correctio
1536 2177 1757 2219 probabatur.
1804 2177 1901 2209 Vidit
1925 2188 2007 2220 ergo
2038 2178 2135 2210 mali-

314 2242 417 2273 gnum
443 2231 606 2272 spiritum,
630 2241 672 2262 ne
697 2231 840 2269 videret,
867 2237 900 2262 et
923 2231 1013 2262 illius
1038 2231 1192 2263 sevitiam
1217 2231 1328 2262 studio
1352 2230 1530 2262 reverendi
1555 2231 1664 2273 patris
1695 2231 1864 2263 evaderet.
1911 2230 1982 2263 Sed
2013 2231 2133 2274 fugare

314 2284 473 2315 demonia
496 2284 529 2315 in
555 2283 799 2326 discipulorum
823 2284 969 2316 transitu
994 2284 1025 2315 ei
1048 2294 1174 2316 novum
1199 2295 1267 2316 non
1291 2290 1375 2316 erat.

401 2337 502 2379 Hugo
527 2338 616 2368 enim
639 2337 825 2368 monachus
849 2337 926 2368 boni
951 2337 1016 2368 viri
1041 2337 1207 2380 Raynerii
1232 2337 1321 2369 fabri
1346 2337 1442 2376 filius,
1459 2347 1535 2368 cum
1550 2343 1649 2379 patre
1665 2342 1698 2370 et
1716 2337 1824 2369 fratre
1839 2348 1900 2370 suo
1916 2338 1995 2374 alio,
2012 2337 2135 2370 Mauro

315 2389 460 2426 nomine,
485 2390 519 2420 in
545 2390 750 2421 monasterio
774 2400 958 2422 conversus
981 2396 1040 2421 est.
1089 2389 1244 2427 Quorum
1269 2391 1356 2422 alter
1379 2391 1496 2428 frater,
1520 2390 1614 2421 velut
1637 2391 1789 2422 eruditus
1813 2397 1846 2422 et
1862 2391 2025 2432 prudens,
2041 2391 2136 2433 prior

316 2443 511 2474 monasterii
535 2442 609 2474 fuit.
656 2442 722 2474 Hic
746 2449 858 2475 autem
882 2443 917 2473 in
935 2443 1104 2475 communi
1122 2443 1243 2475 ordine
1259 2443 1462 2486 simpliciter
1478 2443 1627 2475 vivendo
1650 2453 1758 2485 usque
1783 2444 1827 2475 ad
1843 2449 1985 2475 mortem
2002 2445 2136 2476 mansit.

320 2496 477 2537 Cumque
500 2497 566 2527 iam
584 2495 783 2537 recipiende
806 2496 979 2527 mercedis
1001 2507 1059 2528 sue
1082 2502 1216 2539 tempus
1238 2497 1398 2535 venisset,
1415 2496 1644 2539 egritudinem
1660 2495 1834 2537 cor'poree
1851 2496 1969 2528 mortis
1984 2496 2136 2528 incurrit.

316 2548 373 2579 Ad
397 2559 497 2590 quem
523 2554 619 2589 pater
643 2548 850 2580 venerabilis
872 2549 939 2580 iam
963 2556 1197 2581 transeuntem
1222 2550 1324 2587 venit,
1349 2549 1490 2592 eiusque
1515 2550 1662 2580 animam
1687 2549 1913 2590 omnipotenti
1938 2550 2013 2582 Deo
2045 2560 2136 2582 corn-

316 2602 477 2634 mendare
502 2602 643 2633 studuit.
689 2602 754 2634 Cui
778 2607 812 2633 et
835 2603 984 2634 moriens
1008 2603 1115 2634 frater
1140 2603 1241 2634 dixit:
1268 2603 1307 2634 In
1332 2603 1484 2635 fenestra
1508 2602 1576 2641 illa,
1598 2608 1706 2644 pater,
1731 2603 1799 2634 due
1823 2613 1904 2634 aves
1927 2609 2013 2635 suut.
2060 2603 2138 2635 Una

315 2654 415 2686 valde
433 2654 673 2696 pulcherrima,
691 2655 756 2686 alia
774 2654 920 2687 orribilis
944 2655 1044 2686 valde
1061 2661 1094 2687 et
1111 2656 1218 2698 nigra.
1264 2656 1366 2698 Rogo
1383 2655 1496 2697 igitur,
1513 2660 1549 2686 ut
1565 2655 1737 2687 orribilem
1762 2655 1854 2687 illam
1874 2655 1990 2687 eicias.
2036 2656 2137 2688 Tunc

315 2707 485 2739 ammirari
509 2708 644 2746 fratres,
669 2708 727 2750 qui
750 2709 907 2746 aderant,
932 2715 1111 2749 ceperunt,
1134 2709 1228 2751 quod
1253 2714 1385 2741 attente
1409 2714 1622 2747 monstraret,
1646 2714 1691 2745 et,
1715 2708 1810 2750 quod
1832 2708 2055 2747 monstrabat,
2072 2709 2138 2750 ipsi

407 2826 412 2841 ¹
436 2828 550 2856 Ezscn„
571 2828 669 2856 XVIII,
686 2835 710 2859 9.
1254 2831 1366 2853 nastero
1386 2836 1413 2852 se
1434 2830 1460 2852 vi
1482 2829 1558 2852 fosse
1579 2835 1701 2852 nessuno
1716 2830 1744 2852 in
1762 2830 1825 2852 ozio
1841 2836 1858 2852 ο
1872 2835 1888 2852 a
1903 2828 2012 2860 parlare
2034 2830 2139 2860 (UDAL-

404 2871 414 2886 ²
436 2870 587 2893 Circatores
617 2870 738 2894 secondo
768 2871 791 2893 le
821 2870 1029 2894 Consuetudini
1055 2871 1083 2894 di
1103 2871 1196 2902 Cluny
1251 2877 1322 2896 mer,
1344 2875 1384 2901 op.
1404 2871 1464 2899 cia:
1487 2871 1598 2899 Mmrm,
1615 2872 1692 2894 Patr,
1707 2872 1764 2900 Ian,
1784 2870 1907 2901 CXLIX,
1927 2870 1983 2894 col.
2005 2877 2071 2902 7413
2093 2871 2139 2894 Ve-

316 2918 402 2935 erano
423 2913 430 2934 i
453 2913 561 2935 monaci
583 2912 706 2941 anziani,
732 2912 780 2935 che
801 2912 948 2936 dovevano
972 2913 1091 2936 durante
1117 2913 1197 2936 l‘uffi-
1251 2916 1291 2937 tus
1311 2913 1376 2938 disc.
1396 2921 1472 2941 mon„
1492 2913 1549 2940 cit..
1570 2920 1597 2945 p.
1619 2912 1687 2943 142).

316 2954 423 2977 niatura
445 2953 487 2976 del
509 2960 576 2977 coro
597 2961 609 2975 e
631 2954 648 2976 il
672 2955 768 2988 riposo
795 2956 930 2978 notturno
952 2955 1050 2978 vedere
1070 2955 1112 2986 pel
1134 2962 1195 2981 mo-

2151 798 2188 828 10

2153 1061 2189 1092 15

2150 1329 2191 1360 20

2153 1592 2194 1624 25

2154 1860 2195 1891 30

2157 2125 2196 2156 35

2159 2393 2200 2423 40

2161 2655 2200 2687 45

2169 2837 2182 2862 5
