2300 3554
402 200 563 236 VITAE
592 200 855 238 QUATUOR
886 200 1127 236 PRIORUM
1158 200 1415 236 ΛΒΒΛΊῊΜ
1446 200 1755 236 CAVENSIUM
1950 201 1987 234 11

162 333 282 365 suisset
306 333 506 376 inquireret,
533 340 567 367 et
592 334 747 366 invenire
772 334 973 376 portitorem
993 334 1082 366 illius
1097 334 1224 365 nullum
1248 335 1426 376 potuisset,
1444 334 1619 374 miraculo,
1636 344 1703 376 quo
1727 344 1761 365 se
1788 334 1838 365 vir
1855 341 1992 366 nanctus

161 386 373 424 ostenderat.
397 388 537 429 stupuit,
561 393 594 419 et
617 387 841 429 piscationem
867 387 960 419 illam
987 387 1093 428 patris
1117 387 1242 418 Alforii
1271 386 1373 417 fuisse
1399 387 1570 428 cognovit.

247 438 292 470 Et
315 445 350 470 ut
375 439 441 470 iarn
467 446 656 481 temporum
681 446 871 471 nostrorum
898 440 941 471 ad
966 445 1043 471 acta
1069 440 1254 477 veniamus,
1273 439 1383 471 Lucas
1401 439 1588 470 monachus
1611 440 1724 470 adhuc
1748 446 1914 482 superest,
1931 440 1988 481 qui

161 490 260 523 nobis
285 492 319 523 in
345 493 551 524 monasterio
576 493 709 524 referre
734 493 854 523 »solitus
879 499 962 528 crat,
986 492 1067 534 quia
1103 492 1250 534 quadum
1283 492 1340 524 die
1373 492 1554 531 minutus¹,
1587 503 1628 523 ex
1661 503 1752 523 moro
1782 493 1989 533 monasterii,

118 543 136 575 5
160 551 256 577 extra
280 545 421 577 chorum
447 545 621 577 residendi
648 545 819 576 licentiam
845 545 973 576 habuit.
1020 544 1070 576 Ibi
1094 545 1210 587 itaque
1235 545 1366 581 sedena.
1393 556 1469 577 cum
1495 556 1561 577 non
1587 547 1618 577 in
1646 546 1708 585 liis,
1733 558 1799 588 que
1825 547 1858 576 in
1884 547 1990 578 choro

159 597 382 636 canebantur,
407 599 616 636 intenderet.
640 598 702 630 sed
726 608 908 639 oppressus
931 608 1074 639 sompno
1098 599 1252 640 graviter
1283 599 1458 635 dormiret,
1482 609 1586 629 senex
1620 598 1756 640 quidam
1793 600 1986 631 veneranda

159 650 285 683 canitie
310 651 473 695 fulgidus,
494 651 585 682 hunc
609 661 672 693 per
696 660 789 682 oram
816 649 958 682 cu'cuile
984 650 1091 682 tenuit
1109 657 1142 682 et
1158 651 1327 682 violenter
1351 651 1484 682 trahere
1510 650 1553 681 ad
1579 652 1718 682 eliorum
1744 653 1846 692 cepit.
1885 652 1986 682 'runc

158 709 269 736 motus
292 704 405 736 Lucas
429 704 628 741 monachus,
653 714 730 735 cum
755 704 830 746 quis
855 710 952 744 esset,
970 704 1026 746 qui
1052 703 1187 734 trahere
1212 704 1399 735 monachos
1423 704 1591 734 violenter
1609 703 1760 741 auderet,
1778 704 1986 746 inquireret‚'

158 756 288 788 audivit
326 756 405 798 quia
444 756 550 788 abbas
585 755 740 787 Alterius
779 762 878 793 esset,
915 757 968 787 cui
1006 757 1122 788 omnia
1157 762 1317 798 tanquam
1350 757 1383 787 in
1420 757 1559 798 proprio
1597 757 1802 788 monasterio
1835 758 1985 790 licerent.

96 808 134 840 10
156 808 311 851 Cumque
336 809 394 841 ille
420 809 590 841 trahendo
621 809 814 845 festinaret,
846 809 903 840 hic
937 809 1064 841 tardius
1095 816 1307 852 sequeretur,
1340 816 1417 841 ante
1451 810 1557 841 altaro
1588 810 1738 841 ciusdem
1767 811 1985 852 suffraganee

155 861 308 894 ecclesie
333 862 450 894 venire
474 862 506 893 ei
530 861 637 893 visum
663 868 722 893 est.
770 861 946 904 Evigilans
969 868 1081 894 autem
1106 862 1176 894 illic
1200 872 1235 893 se
1261 862 1402 899 invenit,
1436 862 1490 893 ubi
1522 873 1556 893 se
1590 863 1675 894 trahi
1709 874 1769 903 per
1792 864 1984 905 sompnium

156 913 301 946 viderat.
348 914 562 947 Vestimenta
586 915 699 955 etiam,
724 925 790 957 que
816 914 918 946 homo
943 915 1005 946 Dei
1031 915 1152 953 tenuit,
1176 920 1279 946 exuta
1311 915 1375 946 iam
1400 921 1434 946 et
1457 925 1559 956 super
1589 916 1760 946 humerum
1787 916 1848 947 sibi
1874 917 1984 957 posita

152 967 319 1009 repperit.
366 966 472 1005 Quod
504 967 557 998 vir
589 973 727 999 sanctus
758 968 882 999 fecisse
915 969 1145 1010 cognoscitur,
1179 974 1214 999 ut
1246 968 1322 999 loco
1356 967 1414 1007 illi,
1447 979 1547 1010 quem
1573 969 1705 1004 incolit,
1729 980 1764 999 se
1790 975 1982 1009 presentem

154 1020 363 1062 ostenderet,
389 1025 423 1052 et
447 1020 704 1064 neglegentium
728 1027 902 1062 torporem
926 1021 970 1052 ad
995 1021 1112 1053 divine
1136 1021 1248 1052 laudis
1271 1021 1419 1052 studium
1444 1021 1632 1053 excitaret!

91 1074 130 1106 15
241 1072 364 1117 Neque
388 1073 475 1106 illud
497 1073 669 1105 silendum
693 1079 787 1115 puto,
812 1076 904 1116 quod
929 1074 1075 1105 candela
1100 1073 1218 1111 vitrea,
1243 1085 1309 1116 que
1333 1085 1435 1116 super
1466 1074 1558 1106 beati
1583 1075 1644 1106 viri
1670 1075 1833 1106 tumulum
1868 1075 1979 1107 lucere

154 1131 391 1164 consueverat,
415 1126 617 1169 plerumque
644 1127 738 1168 lapsa
761 1127 795 1158 in
820 1127 972 1158 eiusdem
996 1127 1115 1158 tumuli
1140 1137 1221 1158 saxa
1239 1127 1342 1165 venit,
1360 1133 1392 1158 et
1410 1137 1475 1158 non
1501 1127 1608 1159 solum
1635 1128 1745 1170 frangi
1770 1138 1837 1159 non
1864 1130 1980 1169 potuit,

151 1179 212 1211 sed
235 1179 457 1222 quandoque,
481 1185 518 1211 ut
542 1184 626 1219 erat,
651 1179 754 1221 plena
780 1181 976 1220 permansit.

236 1231 370 1265 Cioffus
393 1233 495 1264 etiam
522 1232 712 1265 monachus
735 1233 778 1265 de
803 1234 987 1275 semetipso
1013 1233 1145 1264 referre
1169 1234 1291 1265 solitus
1307 1240 1367 1271 est,
1385 1234 1466 1276 quia
1488 1234 1700 1266 discursione
1726 1235 1804 1266 maii
1829 1235 1982 1266 humoris

151 1285 291 1318 maxilla
313 1285 388 1318 eius
411 1285 637 1318 vehementer
661 1286 830 1324 intumuit,
853 1293 887 1318 et
911 1286 1121 1319 intolerabili
1146 1286 1264 1319 dolore
1296 1287 1449 1318 dentium
1482 1287 1576 1328 cepit
1599 1287 1759 1318 cruciari.
1808 1286 1876 1319 Sed
1901 1298 1976 1319 cum

85 1339 127 1370 20
150 1338 280 1371 cotidie
303 1337 448 1382 languor
470 1340 742 1382 ingravesceret,
758 1345 791 1371 et
807 1346 879 1371 arte
897 1340 1111 1372 medicorum
1135 1340 1265 1371 sentire
1283 1341 1437 1371 remedia
1460 1341 1553 1371 nulla
1577 1340 1754 1381 potuisset,
1770 1347 1850 1371 ante
1867 1341 1980 1382 sepul-

148 1402 244 1424 crum
268 1392 378 1425 sancti
400 1393 467 1425 viri
489 1404 525 1425 se
550 1393 697 1435 proiecit
720 1393 754 1424 in
776 1394 944 1425 oratione.
991 1393 1070 1431 Quo
1095 1403 1172 1426 cum
1197 1399 1385 1436 prostratus
1409 1394 1564 1426 levamen
1582 1394 1664 1425 tanti
1689 1394 1820 1426 doloris
1844 1395 1980 1426 devotis

147 1443 311 1487 precibus
332 1446 562 1488 impetrasset,
586 1445 630 1478 ab
653 1446 807 1478 oratione
838 1447 997 1483 surrexit,
1029 1452 1062 1478 et
1093 1447 1204 1478 statim
1237 1447 1374 1489 gingive
1406 1446 1554 1478 dolentis
1584 1447 1670 1478 cutis
1693 1447 1835 1489 crepuit,
1865 1449 1976 1489 atque'

145 1508 209 1540 per
229 1497 320 1531 illius
344 1499 466 1530 vulnus
491 1499 680 1541 crepidinis
704 1500 829 1531 emissa
853 1499 1046 1542 putredine,
1063 1506 1098 1531 et
1115 1500 1217 1531 faciei
1235 1506 1400 1532 tumorem
1419 1500 1572 1541 perdidit
1588 1506 1622 1532 et
1639 1500 1791 1531 dentium
1809 1500 1976 1532 dolorem.

232 1550 343 1584 Adest
374 1553 476 1584 etiam
509 1552 632 1585 Petrus
663 1553 705 1585 de
742 1553 896 1585 Guardia
928 1554 1127 1590 monachus,
1159 1554 1217 1595 qui
1248 1553 1376 1585 efficaci
1409 1554 1607 1594 assertione,
1644 1554 1735 1595 quod
1759 1553 1790 1584 in
1815 1564 1850 1584 se
1875 1554 1974 1585 etiam

79 1603 122 1636 25
144 1610 278 1648 gestum
302 1610 364 1643 est,
388 1606 506 1638 testari
529 1606 628 1638 solet.
674 1606 726 1638 Ea
750 1616 897 1649 namque
921 1606 1131 1648 pestilentia,
1155 1617 1221 1649 que
1245 1612 1323 1638 ante
1349 1617 1456 1638 annos
1480 1607 1553 1638 fere
1579 1607 1696 1648 viginti
1721 1607 1755 1637 in
1780 1606 1847 1638 illis
1870 1608 1975 1648 parti-

142 1656 206 1689 bus
228 1657 453 1690 vehementer
474 1659 640 1701 populum
656 1659 803 1691 vastavit
813 1658 835 1697 ²,
860 1660 1046 1701 prephatus
1061 1660 1250 1691 monachus
1265 1659 1398 1703 magnis
1415 1659 1569 1691 febribus
1584 1666 1697 1691 tentus
1714 1666 1774 1690 est.
1820 1660 1972 1702 Cumque

143 1711 248 1743 ardor
270 1711 394 1744 nimius
417 1710 568 1744 febrium
592 1712 686 1744 vires
708 1713 782 1745 eius
805 1713 1003 1754 excederet,
1021 1712 1106 1744 hora
1124 1713 1341 1745 accensionis
1364 1713 1407 1744 ad
1431 1713 1594 1745 tumulum
1620 1713 1686 1744 iam
1710 1712 1824 1754 sepius
1847 1723 1974 1744 memo-

141 1763 206 1796 rati
229 1764 336 1806 patris
361 1765 530 1808 confugit,
546 1765 689 1798 firmiter
704 1767 863 1804 credens,
879 1765 973 1808 quod
997 1771 1092 1798 tanto
1116 1766 1203 1807 patri
1228 1766 1503 1797 commendatum
1529 1765 1635 1797 febris
1659 1766 1826 1797 invadere
1847 1775 1973 1806 nequa-

141 1827 242 1860 quam
266 1823 391 1859 posset.
437 1817 477 1850 In
501 1828 569 1861 quo
595 1819 753 1851 nimirum
786 1819 893 1851 tutele
917 1819 947 1850 ei
974 1819 1130 1862 confugii
1151 1820 1204 1850 sui
1234 1819 1312 1850 loco
1338 1819 1486 1851 fructum
1511 1820 1589 1850 fidei
1615 1830 1674 1851 sue
1698 1819 1745 1850 ita
1769 1825 1973 1850 consecutus

75 1870 117 1902 30
140 1875 203 1909 est,
226 1875 264 1902 ut
292 1870 533 1904 ardentissima
561 1871 671 1904 febris
703 1872 790 1904 eum'
814 1872 1036 1914 relinqueret,
1068 1882 1133 1904 nec
1165 1872 1254 1904 ultra
1285 1872 1393 1905 sancti
1424 1872 1485 1903 viri
1518 1872 1791 1904 commendatum
1824 1871 1969 1914 fatigare

140 1923 316 1966 potuisset.

736 2098 859 2131 VITA
882 2097 917 2130 S.
941 2098 1115 2131 LEONIS
1138 2097 1341 2131 ABBATIS
1356 2098 1376 2130 ³.

225 2225 406 2259 Secundus
429 2227 597 2259 Cavensis
619 2227 819 2260 monasterii
844 2234 941 2269 pater
964 2228 1036 2260 Leo
1061 2228 1114 2259 vir
1138 2228 1238 2260 valde
1265 2229 1471 2260 venerabilis
1503 2229 1577 2264 fuit,
1601 2229 1663 2259 viri
1687 2229 1965 2260 reverendissimi

137 2276 264 2311 Alferii
288 2279 479 2322 discipulus
501 2280 728 2319 institutione,
751 2279 815 2312 sed
839 2281 955 2312 socius
977 2281 1098 2323 spiritu
1121 2287 1153 2312 et
1177 2282 1315 2322 virtute,
1338 2282 1418 2323 quia
1448 2282 1598 2313 fructum
1627 2281 1699 2312 eius
1723 2281 1909 2322 magisterii
1932 2282 1967 2312 in

71 2329 113 2362 35
135 2331 354 2373 perfectione
377 2333 520 2374 protulit
543 2343 673 2365 summe
704 2339 824 2365 sancte
856 2333 1143 2366 conversationis.
1191 2334 1258 2365 Hic
1283 2344 1430 2376 namque
1461 2335 1595 2366 Tuscus
1625 2344 1766 2377 genere,
1791 2334 1874 2365 civis
1897 2334 1965 2365 Lu-

136 2383 286 2422 censis⁴,
309 2385 345 2416 in
368 2383 502 2417 Salerni
529 2391 646 2428 partes
675 2386 824 2417 veniens
837 2385 860 2425 ⁵,
892 2385 949 2417 ubi
984 2386 1139 2418 eiusdem
1171 2387 1278 2428 patris
1308 2386 1479 2418 celebrem
1513 2387 1638 2417 famam
1669 2387 1848 2428 comperit,
1871 2386 1901 2417 ei
1930 2397 1965 2418 se

132 2437 289 2478 protinus
312 2437 348 2469 in
370 2443 491 2470 sancta
513 2439 779 2471 conversatione
796 2439 1022 2470 erudiendum
1038 2438 1147 2471 dedit.
1195 2439 1234 2470 In
1258 2450 1324 2481 qua
1348 2439 1504 2470 nimirum
1530 2439 1579 2470 ita
1595 2439 1630 2470 in
1655 2439 1751 2470 brevi
1766 2437 1963 2480 pro'fecisse

131 2490 363 2532 cognoscitur,
387 2497 422 2522 ut
449 2501 518 2523 non
549 2492 659 2524 solum
690 2491 860 2523 emulator
895 2491 1053 2524 laborum
1089 2492 1246 2533 magistri
1277 2492 1338 2529 sui,
1363 2492 1425 2523 sed
1455 2492 1560 2523 etiam
1593 2491 1795 2524 mirabilium
1822 2502 1960 2533 operum

219 2632 228 2649 ¹
247 2635 352 2659 Minuta*
369 2642 435 2659 eran
455 2635 526 2660 detti
547 2636 646 2660 coloro
666 2637 715 2660 che
733 2643 841 2660 avevan
862 2635 958 2660 subito
983 2643 1020 2659 un
1162 2633 1172 2650 ²
1191 2636 1222 2659 V.
1247 2636 1439 2662 Introduzr'one.
1460 2643 1485 2668 p.
1507 2643 1531 2664 v,
1554 2644 1578 2659 n.
1598 2643 1622 2667 3.

131 2675 247 2705 salasso,
265 2676 299 2700 ed
313 2685 400 2701 erano
419 2678 592 2702 considerati
613 2678 687 2702 nelle
709 2679 914 2703 Consuetudines
935 2679 1021 2707 clun..
1162 2676 1172 2692 ³
1191 2677 1214 2700 Il
1235 2678 1321 2701 titolo
1342 2676 1370 2701 e:
1391 2679 1433 2701 De
1453 2678 1546 2701 abbate
1564 2678 1658 2701 Leone.

131 2725 210 2742 come
229 2719 333 2749 deboli,
346 2720 448 2751 quindi
467 2720 492 2744 si
511 2721 669 2745 concedeva
684 2721 747 2745 loro
759 2721 877 2752 qualche
888 2721 1019 2752 dispensa
1161 2718 1170 2734 ⁴
1191 2719 1230 2742 La
1259 2720 1358 2750 parola
1380 2720 1505 2743 Lucensis
1530 2718 1544 2742 ὁ
1562 2722 1700 2748 corretta;
1728 2715 1792 2751 pare
1813 2720 1860 2742 che
1889 2720 1960 2743 fosse

131 2759 178 2783 dal
199 2761 300 2791 rigore,
327 2768 385 2785 non
416 2769 503 2785 erano
534 2761 570 2786 ad
590 2770 627 2786 es.
647 2763 787 2794 obbligati
808 2763 837 2786 di
861 2762 963 2786 andare
991 2763 1018 2785 in
1073 2761 1173 2784 scritto
1194 2761 1325 2790 Lucanus,
1345 2762 1465 2784 termine
1484 2762 1603 2784 classico
1624 2768 1672 2792 per
1691 2761 1818 2784 indicare
1838 2761 1878 2791 gli
1904 2762 1961 2785 abi-

88 2805 103 2832 s
131 2808 199 2825 coro
218 2809 267 2834 per
286 2802 348 2833 quel
367 2803 473 2835 giorno
497 2804 548 2827 che
566 2805 589 2828 si
610 2811 697 2828 erano
718 2806 819 2828 cavato
839 2805 860 2827 il
881 2811 986 2836 sangue
1005 2811 1019 2827 e
1074 2805 1148 2827 tanti
1180 2804 1208 2827 di
1230 2804 1332 2831 Lucra:
1354 2811 1398 2827 ma
1419 2803 1448 2827 fu
1473 2805 1607 2831 con-etta.
1627 2802 1726 2836 perch‘c
1750 2803 1823 2827 nella
1845 2804 1910 2827 Vita
1930 2804 1958 2827 di

130 2843 315 2868 rimanevano
335 2844 410 2868 nella
429 2843 540 2869 chiesa:
562 2845 610 2869 “si
630 2853 729 2878 parurn
748 2846 778 2869 in
804 2845 920 2869 eeclesia
944 2845 1020 2875 quie-
1072 2846 1260 2870 sant'Alferio
1282 2846 1319 2877 (p.
1339 2845 1364 2876 6,
1384 2846 1401 2869 1Δ
1423 2847 1465 2877 25)
1484 2854 1529 2870 era
1549 2844 1596 2877 gia
1617 2848 1718 2870 scritto
1739 2847 1862 2870 Luccnsis
1876 2853 1959 2869 senza

130 2884 262 2909 'scentes
280 2886 429 2914 iacuerint.
448 2887 494 2910 vel
515 2887 679 2912 inordinate
705 2887 838 2916 sederint,
858 2895 913 2911 non
933 2887 1018 2911 reela·
1073 2890 1245 2912 correzione.

131 2926 297 2958 “manturm
317 2928 470 2956 UoAnucx,
496 2932 536 2959 op.
559 2929 615 2960 cit„
633 2928 684 2954 lib.
710 2929 745 2958 11,
769 2937 790 2954 c.
811 2935 878 2958 xxm
903 2928 1016 2959 mes,
1162 2929 1173 2945 ⁵
1194 2930 1278 2954 forse
1305 2938 1320 2953 a
1348 2937 1431 2954 causa
1460 2930 1486 2954 di
1508 2931 1684 2957 commercio,
1705 2937 1752 2962 per
1778 2932 1821 2953 cui
1856 2930 1958 2953 turono

130 2970 208 2994 Patr.
228 2971 286 3000 lat.,
307 2969 421 2995 CXLIX
440 2971 496 2996 col.
522 2977 581 3002 710.
1075 2973 1174 2997 famosi
1197 2974 1204 2996 i
1226 2973 1360 2997 Lucchesi
1382 2973 1424 2996 nel
1446 2972 1541 2997 Medio
1564 2972 1632 2996 Evo.

1994 2643 2024 2660 10

2039 715 2069 734 Μι
2083 720 2115 739 ν,,
2131 721 2168 738 ιι)
