2300 3554
363 201 525 236 VITAE
553 200 816 241 QUATUOR
847 200 1089 236 PRIORUM
1120 201 1375 236 ABBATUM
1407 201 1716 237 CAVENSIUM
1908 203 1953 236 2‘)

128 341 269 374 magnus
293 332 325 362 in
352 342 459 375 regno
484 333 636 364 celorum
660 332 705 364 sit
729 331 894 374 colligere
920 332 1023 363 facile
1050 332 1185 373 poterit,
1211 333 1267 374 qui
1293 333 1473 373 evangelio
1499 342 1691 373 repugnare
1711 344 1777 364 non
1803 333 1907 371 novit,
1924 334 1956 364 in

129 395 170 416 eo
193 385 319 428 quippe
345 386 472 417 veritas
496 386 599 418 dicit:
626 385 696 423 Qui
721 385 846 417 fecerit
871 392 905 417 et
929 385 1097 421 docuerit,
1122 385 1179 416 liic
1205 395 1346 426 magnus
1372 386 1549 417 vocabitur
1574 386 1608 416 in
1634 396 1740 427 regno
1772 386 1922 418 celorum
1938 386 1959 416 ¹.

129 437 208 476 Que
234 439 393 480 profecto
418 438 587 476 doctrina,
613 449 678 470 non
705 444 834 470 tantum
864 438 969 469 verbo
994 438 1215 478 impenditur,
1239 439 1299 469 sed
1323 438 1493 479 exemplo,
1517 439 1597 479 quia
1622 440 1773 470 nonnulli
1795 439 1956 480 perfecti·

130 490 195 522 viri
218 491 253 522 in
277 498 395 523 sancta
419 492 578 530 ecclesis,
601 491 663 523 etsi
689 491 794 522 verba
819 491 1067 532 predicationis
1092 501 1158 521 non
1184 491 1359 527 exhibent,
1384 492 1508 522 ceteris
1532 492 1691 523 fidelibus
1716 503 1774 534 per
1798 493 1958 534 exempla

89 545 105 575 5
131 543 250 576 eximie
275 545 547 577 conversationis
569 545 719 587 placent,
752 544 899 576 tacendo
932 543 1126 585 loquuntur,
1158 545 1238 586 quia
1262 544 1305 575 ad
1332 544 1528 576 imitationis
1560 556 1616 575 sue
1650 546 1796 577 studium
1831 547 1959 577 electos

131 597 214 629 alios
238 607 324 629 voce
347 598 580 640 exemplorum
604 597 754 630 trahunt.
802 596 876 629 Nec
902 597 1022 627 mirum
1048 598 1074 628 si
1098 606 1284 638 suggerere
1317 597 1483 628 efficatius
1518 606 1669 638 possunt,
1701 599 1780 640 quia
1807 599 1866 630 etsi
1892 610 1959 630 una

132 650 247 693 lingua
272 657 398 687 tacent,
420 661 520 693 quam
552 650 680 683 habent
711 651 836 687 carnis,
868 655 919 681 tot
949 649 1074 692 linguis
1105 650 1244 685 docent,
1275 656 1358 691 quot
1391 651 1571 691 proferunt
1599 652 1755 693 exempla
1787 652 1958 683 virtutum.

131 703 220 735 Hinc
244 713 382 746 nanque
404 709 468 742 est,
491 704 584 745 quod
607 703 723 745 primis
746 710 864 735 sancte
889 703 1037 735 ecclesie
1062 703 1261 734 doctoribus
1285 703 1426 734 scientia
1459 705 1606 735 omnium
1633 705 1821 745 linguarum
1847 706 1959 742 datur,

133 763 167 788 ut
189 757 444 788 succedaneum
467 767 564 788 suum
588 756 809 789 subsecutiva
832 756 982 788 ecclesia
1005 756 1196 793 sortiretur,
1219 762 1255 787 ut
1279 756 1306 786 si
1329 757 1462 797 linguas
1484 767 1552 787 non
1585 757 1688 788 habet
1721 759 1867 789 omnium
1903 769 1960 789 na-

72 811 110 842 10
133 810 276 846 tionum,
301 810 394 841 nulla
417 810 486 841 vite
511 811 584 842 eius
606 809 722 842 desint
746 809 903 851 exempla
922 809 1093 841 virtutum.
1138 807 1199 839 Sic
1216 809 1372 840 nimirum
1389 820 1538 840 summus
1555 811 1710 851 pontifex
1727 817 1845 842 sancta
1862 822 1958 842 sanc·

133 868 243 895 torum
268 863 413 905 ingredi,
437 863 584 895 Domino
601 862 752 901 iubente,
777 863 978 904 precipitur,
1002 872 1078 894 cum
1103 862 1260 899 docetur,
1284 868 1319 893 ut
1349 863 1381 893 in
1408 863 1655 904 pulcritudine'
1683 865 1783 895 vestis
1808 858 1957 895 extrema

134 915 439 947 tintinnabulorum
463 915 623 948 exhibeat
644 915 845 957 magnitudo
868 926 988 947 sonum
1000 914 1022 947 ¹.
1069 915 1196 946 Sancta
1219 914 1346 956 quippe
1370 922 1565 946 sanctorum
1583 922 1716 947 secreta
1733 917 1801 948 vita
1818 924 1868 948 est
1883 918 1958 948 novi

134 968 341 1005 testamenti,
364 968 444 1010 quia
465 967 547 999 dum
571 966 801 1009 redemptoris
824 968 982 1009 exemplo
1006 966 1151 998 mundus
1175 966 1332 1006 perfecte
1349 966 1551 1007 despicitur,
1569 968 1730 999 interiora
1747 968 1959 1000 tabernaculi

133 1022 346 1063 perfruentia
369 1021 504 1053 celestis
527 1021 638 1062 patrie
661 1020 838 1052 desideria
862 1021 927 1052 iam
952 1026 1120 1052 tenentur.
1166 1020 1205 1051 In
1222 1020 1288 1051 hoc
1305 1020 1433 1061 quippe
1450 1021 1690 1061 sanctuarium,
1709 1022 1800 1053 velut
1815 1033 1962 1054 summus

73 1075 109 1107 15
135 1075 300 1117 pontifex,
323 1075 414 1107 solus
435 1074 539 1106 intrat
561 1074 757 1116 quicunque
782 1075 1053 1116 Redemptor-em
1072 1073 1248 1105 ferventer
1264 1073 1388 1115 diligit,
1404 1074 1483 1115 quia
1501 1074 1579 1104 dum
1596 1075 1810 1115 singulariter
1823 1076 1855 1106 in
1873 1076 1962 1107 illius

135 1138 249 1160 amore
272 1127 474 1166 sustollitur,
496 1128 660 1159 virtutum
685 1127 833 1170 fulgore,
859 1128 951 1159 velut
974 1127 1163 1169 pontificali
1188 1132 1291 1164 veste,
1315 1127 1349 1158 in
1372 1127 1593 1159 interioribus
1617 1135 1811 1160 exornatur.

224 1179 315 1219 Que,
330 1180 358 1213 si
382 1181 416 1212 in
441 1181 599 1222 exemplo
623 1180 768 1212 aliorum
792 1179 978 1222 prodeunt,
1001 1180 1084 1222 quia
1108 1180 1257 1211 fidelium
1281 1185 1413 1211 mentes
1437 1180 1480 1211 ad
1504 1181 1560 1221 pie
1584 1181 1798 1213 emulationis
1815 1183 1962 1214 studium

136 1240 335 1276 provocant,
358 1233 455 1276 quasi
471 1234 506 1265 in
524 1233 629 1265 vestis
653 1233 920 1274 pulchritudine,
943 1232 1171 1264 tintinnabula
1193 1232 1298 1264 multa
1321 1238 1451 1270 sonant,
1469 1233 1548 1274 quia
1564 1239 1732 1274 torporem
1751 1242 1899 1266 nostrum
1915 1242 1963 1267 tot

137 1297 241 1320 voces
262 1289 424 1324 excitant,
448 1294 530 1328 quot
554 1296 670 1318 coram
694 1287 818 1318 nostris
834 1286 942 1318 oculis
957 1286 1115 1328 exempla
1132 1286 1306 1317 virtutum'
1332 1286 1492 1318 clamant.
1524 1286 1689 1330 Magnum
1707 1298 1789 1330 ergo
1807 1288 1838 1319 in
1858 1299 1962 1331 regno

72 1343 114 1373 20
138 1341 289 1374 celorum
315 1340 421 1373 verba
444 1351 511 1373 non
535 1341 693 1383 aliquem,
717 1340 779 1372 sed
803 1349 910 1382 opera
934 1340 1080 1376 faciunt,
1111 1339 1202 1382 quia,
1226 1339 1285 1382 qui
1317 1350 1445 1371 summa
1477 1340 1636 1378 doceant,
1668 1341 1764 1372 multi
1794 1349 1882 1380 sunt,
1906 1344 1964 1384 qui

139 1401 251 1427 autem
274 1404 415 1432 summa,
439 1403 505 1436 que
528 1394 653 1430 sciunt,
678 1393 826 1424 vivendo
850 1399 1001 1429 teneant,
1025 1392 1139 1433 pauci,
1163 1398 1197 1424 et
1220 1393 1300 1434 quia
1323 1393 1479 1425 nonnulli
1503 1399 1591 1430 sunt,
1615 1394 1671 1435 qui
1697 1394 1797 1429 bona.
1822 1406 1889 1436 que
1913 1396 1964 1426 fa-

137 1448 243 1485 ciunt,
267 1457 328 1489 pre
353 1445 553 1478 humilitatis
575 1446 810 1478 teneritudine
834 1446 1061 1482 abscondunt,
1085 1446 1200 1488 magni
1224 1445 1258 1476 in
1283 1455 1390 1488 regno
1414 1447 1580 1483 celorum,
1604 1447 1661 1488 qui
1686 1447 1817 1479 faciunt
1847 1455 1881 1480 et
1905 1449 1964 1480 do-

137 1507 227 1539 cent,
251 1500 355 1543 digne
379 1500 614 1542 predicantur,
637 1500 719 1541 quia
741 1498 901 1540 profecto
925 1509 967 1530 ex
990 1498 1154 1530 immensa
1177 1498 1302 1530 virtute
1326 1498 1465 1535 habent,
1489 1505 1526 1530 ut
1549 1499 1654 1531 fortia
1677 1507 1791 1543 agant,
1815 1511 1857 1532 ex
1886 1513 1964 1543 per-

138 1556 232 1586 fecta
255 1553 413 1590 karitate,
437 1558 474 1584 ut
496 1559 575 1584 acta
597 1553 643 1584 ad
666 1552 857 1594 exemplum
882 1552 1073 1593 proferant,
1097 1562 1139 1584 ex
1162 1551 1274 1584 solida
1304 1552 1508 1591 humilitate,
1538 1559 1576 1584 ut
1599 1564 1650 1594 ea,
1675 1564 1740 1595 que
1772 1555 1964 1595 proferunt,

73 1608 115 1641 25
137 1608 230 1640 nulla
253 1608 400 1639 humane
424 1607 536 1638 laudis
558 1616 641 1637 aura
664 1612 873 1647 corrumpat.
920 1605 995 1637 Hec
1019 1611 1134 1637 autem
1158 1605 1265 1636 lacius
1289 1605 1445 1644 dicimus,
1470 1616 1537 1648 que
1560 1606 1644 1638 licet
1661 1608 1858 1639 venerando
1875 1608 1964 1649 patri

136 1660 353 1698 conveniant,
376 1659 456 1703 quia
478 1659 641 1692 videlicet
663 1658 798 1690 sublimi
816 1659 1077 1691 conversatione
1093 1658 1227 1696 enituit,
1245 1657 1474 1692 laudabilibus
1489 1659 1656 1702 exemplis
1672 1660 1811 1699 effulsit,
1828 1661 1966 1693 favores

138 1714 312 1747 hominum
335 1713 483 1745 mirabili
505 1712 645 1744 mentis'
670 1711 877 1744 sublimitate
901 1712 1120 1754 contempsit,
1142 1718 1256 1744 tamen
1280 1712 1479 1745 meritorum
1502 1713 1743 1745 excellentiam
1759 1725 1828 1746 non
1845 1716 1960 1756 exple-

136 1779 220 1801 mus.
265 1766 354 1799 Nam
376 1777 507 1799 summa
529 1765 757 1808 perfeetionis
779 1775 987 1797 summorum
1010 1766 1162 1798 virorum
1186 1766 1477 1809 qualitercunque
1502 1767 1570 1798 dici
1595 1774 1720 1808 potest,
1738 1778 1780 1799 ex
1797 1774 1868 1800 toto
1893 1769 1961 1800 dici

138 1832 208 1854 non
231 1827 354 1863 potest.
400 1820 505 1852 Suam
529 1820 657 1862 quippe
682 1825 717 1851 et
741 1829 859 1851 eorum
891 1818 1104 1850 altitudinem
1136 1820 1296 1863 egregius
1325 1819 1527 1860 predicator
1555 1821 1698 1862 exponit
1731 1821 1872 1853 dicens:
1897 1822 1967 1853 No-

73 1875 114 1907 30
137 1880 207 1907 stra
231 1875 447 1907 conversatio
469 1874 504 1905 in
528 1873 612 1906 celis
635 1878 686 1904 est
699 1874 722 1905 ³.
769 1871 839 1910 Qui
865 1882 948 1916 ergo
972 1872 1117 1904 Paulum
1142 1879 1175 1904 et
1199 1883 1270 1910 eos,
1293 1883 1380 1915 quos
1396 1883 1513 1906 secum
1529 1874 1653 1915 posuit.
1671 1875 1767 1916 cupit
1783 1886 1965 1916 exponere,

139 1927 184 1960 ad
207 1927 318 1960 celum
343 1927 566 1964 conscendat,
591 1933 624 1958 et
646 1927 718 1958 eius
740 1932 887 1963 secreta,
910 1926 1024 1958 adhuc
1048 1927 1130 1958 licet
1151 1927 1186 1958 in
1216 1932 1306 1958 terra
1336 1927 1477 1968 positus,
1510 1938 1612 1969 quam
1644 1934 1745 1959 acute
1777 1928 1963 1970 perviderit

137 1981 211 2014 eius
234 1981 372 2024 gaudia,
395 1991 497 2023 quam
520 1979 685 2011 ardenter
707 1979 845 2016 amavit,
869 1979 1031 2011 inveniat.
1078 1979 1149 2017 Qui
1173 1984 1286 2010 autem
1310 1979 1524 2012 Constabilis
1548 1980 1681 2012 abbatis
1697 1982 1804 2013 nostri
1828 1982 1966 2022 perfec-

137 2036 266 2067 tionem
290 2039 470 2071 noverunt‚
495 2033 691 2066 nullatenus
713 2032 902 2076 ambigunt,
934 2033 1014 2075 quia
1046 2043 1123 2064 cum
1154 2031 1262 2064 Paulo
1286 2038 1321 2064 et
1344 2033 1512 2074 perfectis
1543 2034 1702 2066 omnibus
1732 2045 1773 2066 ex
1795 2035 1967 2067 sententia

138 2089 255 2120 dicere
276 2094 423 2130 poterat,
445 2093 562 2119 nostra
584 2086 801 2118 conversatio
824 2086 859 2117 in
882 2086 966 2117 celis
981 2091 1033 2117 est
1044 2086 1067 2117 ⁴.
1098 2085 1252 2128 Corpore
1269 2096 1352 2127 ergo
1369 2087 1566 2128 despectus,
1583 2094 1697 2119 mente
1714 2088 1842 2120 mundo
1858 2087 1966 2119 maior

74 2141 115 2174 35
139 2152 212 2173 esse
235 2141 456 2183 probabatur,
479 2150 547 2182 quo
571 2140 669 2182 quasi
691 2149 797 2181 parvo
821 2139 951 2171 includi
974 2149 1043 2171 non
1072 2145 1218 2181 poterat,
1242 2142 1361 2182 quem'
1387 2139 1570 2171 altitudine
1592 2141 1785 2182 superabat,
1809 2147 1847 2173 ut
1869 2141 1963 2183 quod

139 2195 183 2227 de
205 2204 247 2226 eo
269 2193 452 2230 eminebat,
475 2193 510 2224 in
535 2193 648 2224 celum
672 2192 826 2224 sublimis
849 2199 1005 2233 poneret,
1029 2191 1145 2234 ibique
1168 2202 1228 2224 sue
1254 2193 1527 2224 conversationis
1550 2193 1651 2225 situm
1678 2193 1818 2226 locaret.

225 2247 298 2280 Sed
320 2253 357 2279 ut
380 2247 530 2290 quedam
552 2246 618 2277 iam
642 2245 806 2287 specialia
828 2245 902 2277 eius
925 2245 1125 2283 edisseram,
1147 2246 1194 2277 ita
1217 2245 1374 2278 omnibus
1397 2246 1639 2278 ambitionibus
1654 2247 1762 2279 seculi
1787 2253 1889 2289 atque
1907 2247 1966 2278 de-

138 2301 226 2333 liciis
247 2311 355 2343 usque
379 2300 424 2332 ad
447 2305 593 2332 mortem
615 2299 728 2332 extitit
749 2299 918 2336 inimicus,
942 2304 978 2330 ut
1001 2298 1077 2330 illas
1100 2299 1243 2338 oblatas,
1266 2300 1348 2331 istas
1370 2300 1546 2342 appositas
1568 2311 1636 2333 non
1667 2311 1788 2342 parum
1821 2301 1965 2337 doleret,

139 2360 240 2397 atque
264 2364 284 2385 a
306 2364 341 2386 se
364 2363 490 2396 magna
511 2363 590 2385 cum
614 2353 851 2394 indignatione
875 2351 1061 2394 repelleret
1076 2351 1099 2383 ⁵.
1145 2352 1183 2383 In
1208 2352 1370 2384 instantia
1392 2362 1476 2385 vero
1499 2353 1693 2395 vigiliarum
1717 2360 1752 2385 et
1775 2354 1963 2385 orationum

75 2409 116 2440 40
139 2406 305 2439 fratribus
327 2406 394 2438 suis
416 2405 573 2438 omnibus
597 2405 867 2447 inconparabilis
891 2406 967 2443 fuit,
990 2406 1053 2437 sed
1075 2415 1154 2436 cum
1178 2410 1293 2437 tantus
1317 2412 1405 2438 esset
1430 2416 1470 2438 ac
1494 2417 1652 2444 summus,
1676 2407 1736 2438 illa
1758 2412 1873 2438 tamen
1898 2407 1965 2438 vir-

139 2467 248 2493 tutum
270 2460 344 2492 eius
366 2458 539 2492 celsitudo
561 2458 763 2490 humilitatis
787 2465 889 2501 atque
913 2458 1183 2490 mansuetudinis
1209 2459 1418 2491 excellentia
1450 2459 1664 2497 vincebatur,
1696 2470 1763 2502 qua
1785 2460 1966 2491 venerabi-

140 2513 229 2546 libus
250 2512 404 2556 patribus
426 2512 495 2545 suis
516 2513 566 2544 ita
587 2523 623 2544 se
645 2512 809 2551 subdidit,
833 2518 869 2543 ut
885 2522 988 2555 agere
1005 2511 1099 2544 nulla
1113 2518 1339 2554 presumeret,
1355 2512 1421 2544 nisi
1437 2523 1504 2555 que
1521 2523 1639 2545 eorum
1656 2512 1821 2544 voluntati
1839 2513 1966 2554 placita

139 2572 198 2599 aut
208 2566 363 2598 iniuncta
377 2564 538 2607 imperio'
555 2565 784 2608 cognovisset.
811 2564 926 2603 Quem
950 2564 1110 2596 nimirum
1135 2575 1212 2596 cum
1236 2575 1306 2597 non
1330 2566 1439 2597 solum
1464 2566 1596 2608 magnis
1620 2565 1750 2607 pollere
1773 2565 1964 2602 virtutibus,

230 2691 240 2708 ²
259 2692 364 2721 Mun„
386 2692 419 2719 V,
441 2698 482 2722 19.
1078 2691 1147 2715 anni
1170 2698 1327 2723 1112,1113
1342 2699 1356 2716 e
1372 2698 1436 2722 1115
1457 2691 1503 2723 (A.
1518 2691 1558 2719 C..
1579 2691 1638 2720 XX,
1653 2697 1694 2722 40,
1716 2690 1757 2720 46,
1772 2691 1815 2717 612
1833 2691 1905 2721 XIX,
1920 2691 1963 2721 78,

229 2732 240 2749 2
259 2735 352 2763 Evod„
372 2732 498 2762 xxv111.
516 2740 606 2766 33·35.
1080 2738 1121 2763 79,
1141 2733 1182 2762 80,
1206 2740 1263 2763 ιιι,
1287 2739 1344 2764 115,
1366 2740 1432 2762 1203
1452 2734 1509 2761 ΧΧ,
1532 2736 1583 2763 24).
1613 2733 1664 2756 Nel
1689 2739 1762 2763 1115,
1779 2734 1912 2761 sebbraio,
1927 2733 1963 2756 ri-

229 2774 240 2790 ³
259 2776 452 2806 Philippenses,
472 2775 520 2804 111,
539 2782 581 2799 zo.
1077 2778 1185 2799 cevette
1204 2777 1239 2799 da
1253 2777 1376 2805 Alserio,
1389 2776 1468 2807 iiglio
1482 2777 1512 2799 di
1526 2776 1673 2799 Giovanni
1689 2774 1813 2804 Guarna,
1828 2776 1854 2799 la
1867 2776 1963 2798 chiesa

229 2817 240 2833 ⁴
261 2818 371 2848 Philip„
391 2817 437 2845 111,
457 2823 498 2841 20.
1078 2818 1124 2841 dal
1146 2818 1231 2848 padre
1251 2818 1380 2842 edificata
1401 2819 1429 2841 in
1451 2826 1537 2841 onore
1552 2818 1644 2841 disan
1660 2818 1799 2841 Pietroin
1815 2819 1963 2848 Dragonea

100 2866 114 2892 5
229 2858 240 2874 ⁵
252 2861 309 2883 Ben
323 2862 418 2891 presto
432 2866 482 2883 san
495 2859 664 2883 Constabile
677 2860 744 2883 ebbe
757 2859 835 2883 usfici
848 2867 862 2882 e
876 2858 967 2883 tratto
982 2859 1026 2882 di·
1079 2859 1304 2890 (Transboneia)‚
1331 2867 1384 2883 con
1408 2861 1433 2883 le
1462 2867 1508 2883 sue
1535 2860 1626 2883 ricche
1646 2866 1659 2883 e
1685 2863 1762 2883 vaste
1789 2860 1963 2890 possessioni

144 2902 218 2926 versi
236 2901 316 2925 affari
335 2901 379 2924 del
394 2903 570 2925 monastero:
585 2901 630 2925 nel
648 2908 723 2932 1103,
737 2908 839 2928 marzo.
853 2902 1024 2925 sottoscrive
1078 2900 1116 2926 (v.
1136 2901 1263 2930 Gutum,
1285 2903 1430 2925 Romualdi
1444 2902 1614 2925 Salernitam'
1628 2902 1779 2929 chronicon,
1799 2902 1828 2924 in
1846 2901 1908 2924 RR.
1925 2901 1963 2924 ll.

144 2943 261 2966 assieme
278 2942 428 2966 all'abbate
447 2950 462 2966 e
475 2949 490 2966 a
509 2950 546 2966 un
560 2943 634 2966 altro
654 2950 772 2967 monaco
785 2950 840 2967 una
854 2946 982 2975 permuta
997 2944 1026 2967 di
1080 2944 1139 2972 SS„
1159 2950 1254 2967 nuova
1271 2944 1349 2973 ediz.,
1365 2949 1384 2968 t.
1399 2942 1457 2971 vn,
1471 2951 1496 2975 p.
1512 2950 1541 2972 ις
1555 2944 1736 2973 Ponvmuso,
1750 2948 1790 2972 op.
1805 2944 1858 2971 cit„
1873 2950 1899 2973 p.
1916 2949 1962 2974 154

144 2987 217 3008 terre
229 2985 259 3009 in
273 2985 422 3018 Dragonea
434 2985 464 3008 di
478 2984 557 3009 Cava
570 2984 616 3016 (A.
630 2983 671 3013 C..
685 2985 771 3015 XVII,
786 2985 831 3016 72)
844 2993 858 3009 e
871 2984 931 3009 cosi
949 2985 1026 3018 negli
1078 2993 1094 3009 e
1112 2993 1166 3017 sg.;
1186 2987 1343 3013 Amnon-1,
1363 2990 1402 3016 op.
1423 2986 1477 3014 cit„
1496 2993 1522 3018 p.
1544 2986 1613 3017 ¹51)-

1994 2739 2025 2756 10

1995 2950 2022 2975 15

2024 865 2077 883 sin-u

2067 2592 2071 2597 .
2090 2582 2130 2598 5¹07
